3200 4917
223 437 226 440 ,
305 375 393 442 4546
523 392 721 442 nocuusus
744 383 913 444 conrouu
937 397 970 443 c.
995 396 1026 454 o.
1050 397 1179 446 ruorrr

305 542 443 619 codicis,
459 542 493 605 in
507 562 573 624 quo
589 544 765 627 Pomponii
781 543 882 609 Melae
896 544 1170 629 Cosmograpbia‚
1186 551 1252 610 tres
1262 546 1347 624 libri,
1370 552 1404 612 et

305 643 503 726 opusculum
526 643 648 709 Probae
664 648 780 708 uxoris
804 645 924 709 Adesti
947 646 1019 731 (vel
1037 646 1197 732 Adelpbi)
1222 667 1405 732 praecesse·

304 751 385 809 rant.
430 744 534 809 Manu
549 746 626 820 Ital.
642 747 700 810 sol.
714 748 792 811 min.
807 748 952 812 chartac.
966 756 1049 814 cent.
1066 765 1130 812 xv.

348 845 445 909 Nihil
472 847 563 910 ultra
591 848 632 912 de
655 848 776 913 Tacito
802 851 883 913 inter
911 849 1046 913 codices
1080 849 1289 913 Horbionos:
1324 851 1404 914 nihil

301 966 437 1030 prorsus
454 947 538 1012 inter
559 945 684 1033 Regios,
703 948 911 1026 Cottorrr'onos,
937 947 1203 1027 Lonsrlounr'arros,
1229 949 1403 1014 Burneierre

302 1067 358 1123 ser,
384 1053 444 1111 aut
467 1048 564 1126 alios,
590 1051 626 1113 ni
647 1049 758 1113 forsan
781 1051 933 1132 excipias
956 1050 1095 1114 selectas
1111 1051 1270 1133 quasdam
1290 1050 1403 1116 Taciti

302 1153 493 1229 sententias,
516 1155 550 1216 et
567 1151 659 1234 quod
677 1156 811 1215 notatur
824 1151 908 1215 inter
933 1151 1067 1216 Miscel.
1084 1149 1277 1234 Ayscougb.
1293 1150 1401 1218 Catal.

706 1464 829 1529 Codices
847 1461 998 1527 Contobr.
1056 1519 1059 1524 ,

344 1630 384 1698 Iu
398 1632 559 1698 Bibliolh.
582 1634 716 1717 publica
736 1631 982 1708 Universitatis,
1005 1631 1102 1696 1608.
1118 1631 1151 1696 3.
1176 1636 1227 1695 est
1242 1630 1342 1695 Liber
1357 1631 1399 1696 do

300 1733 456 1799 Moribus
468 1735 706 1798 Germanorum
719 1734 830 1798 Taciti
847 1733 979 1816 Equitis
995 1732 1150 1798 Romani.

340 1836 417 1902 620.
433 1839 465 1900 1.
488 1835 611 1901 Italica
625 1836 758 1913 Versio‚
772 1837 837 1900 aevi
852 1834 1055 1912 recentioris,
1079 1835 1191 1918 primi,
1207 1840 1249 1914 et,
1265 1857 1308 1901 ex
1322 1857 1399 1921 par·

298 1940 345 2014 te,
361 1936 498 2000 secundi
513 1936 587 2000 libri
601 1934 721 2000 Annal.

341 2053 396 2118 De
410 2055 494 2132 Situ,
504 2054 676 2131 Moribus,
691 2060 725 2118 et
738 2053 880 2136 Populis
895 2052 1083 2119 Germaniae
1101 2053 1268 2119 Libellus:
1285 2074 1306 2118 a
1319 2076 1398 2141 pro-

297 2154 436 2236 digiosis
450 2156 579 2219 mendis
597 2155 662 2238 (ita
676 2156 843 2234 scribitur)
866 2161 1057 2238 repurgatus
1072 2175 1131 2238 per
1148 2156 1245 2220 Boat.
1263 2154 1397 2222 Rhena-

296 2271 376 2317 num
389 2255 552 2320 beneficio
566 2255 641 2320 cod.
661 2257 868 2320 vetustioris:
892 2276 970 2320 cum
985 2255 1086 2321 Notis
1110 2258 1347 2340 marginalibus
1362 2265 1396 2324 et

296 2354 569 2421 interlinearibus.
591 2356 679 2422 Saec·
695 2371 777 2419 xvr.

722 2631 845 2698 Codices
864 2631 965 2700 Oxou.

337 2799 441 2885 Apud
452 2801 662 2868 oxonienses
674 2804 838 2869 notandus
853 2810 904 2868 est
919 2805 1027 2870 codex
1046 2801 1235 2870 Bodleianus
1250 2807 1395 2874 Cornelii

294 2902 406 2969 Taciti
422 2903 582 2969 Actorum
593 2905 803 2968 Diumalium
820 2905 913 2968 Hist.
927 2903 1068 2986 August.
1085 2907 1202 2972 alibro
1218 2907 1392 2974 undecimo

293 3006 469 3089 incipiens,
495 3012 528 3071 et
552 3009 587 3070 in
601 3005 686 3069 serie
700 3007 892 3070 continuata
916 3027 974 3089 per
1000 3007 1102 3072 libros
1128 3012 1274 3092 quinque
1298 3009 1392 3075 Hist.

292 3101 441 3190 pergens.
474 3107 556 3172 Cod.
570 3109 709 3172 illumin.
724 3109 809 3171 bene
825 3109 981 3190 scriptus,
997 3111 1177 3173 membran.
1193 3105 1237 3187 et,
1252 3116 1290 3174 ut
1299 3112 1394 3175 vide·

291 3214 355 3286 tur,
372 3212 545 3275 collatione
560 3231 635 3275 cum
645 3209 798 3274 Brctierii
815 3208 893 3273 edit.
909 3209 999 3274 sacta
1015 3218 1198 3274 correctus:
1222 3233 1302 3274 saec.
1327 3229 1392 3278 xv.

292 3307 364 3371 Sub
378 3308 475 3372 finem
498 3309 573 3373 haec
588 3313 710 3374 verba:
734 3311 803 3373 ‘In
816 3313 999 3391 exemplari
1013 3317 1139 3372 tantum
1154 3318 1242 3373 erat:
1257 3312 1298 3373 -si
1311 3316 1391 3394 quis

289 3407 370 3472 hinc
384 3407 596 3491 descripserit
609 3430 743 3488 novum,
769 3412 856 3473 sciat
872 3429 922 3472 me
938 3409 1028 3493 quod
1043 3412 1174 3493 repperi
1189 3409 1328 3476 fideliter
1348 3415 1391 3478 ab

290 3528 331 3574 eo
359 3511 628 3594 transcripsisse3
651 3512 744 3596 quod
760 3515 843 3576 inter
866 3519 974 3576 cetera
998 3531 1065 3574 non
1088 3519 1139 3577 est
1160 3533 1265 3596 neque
1285 3516 1391 3598 pessi·

290 3631 381 3676 mum
394 3600 499 3695 neque
522 3613 831 3678 mendosissimum?
876 3613 945 3677 Sub
971 3613 1068 3676 finem
1092 3621 1169 3678 sunt
1190 3616 1288 3680 etiam
1312 3616 1388 3682 duoe

289 3712 343 3778 rel
378 3719 445 3777 tres
474 3716 626 3797 epistolae
652 3715 744 3778 Julio
766 3715 895 3779 Caesari
922 3717 1090 3797 ascriptae,
1116 3721 1149 3778 et
1178 3734 1242 3781 una
1264 3716 1389 3800 ¹Pontio

286 3811 413 3894 ¹Pilato1
430 3813 471 3877 ad
486 3815 655 3880 Tiberium
669 3816 710 3879 de
724 3815 759 3879 J.
769 3815 914 3896 Christo,
939 3835 1076 3900 quarum
1090 3816 1162 3882 baec
1178 3815 1294 3882 saltem
1310 3835 1389 3902 spu-¹

289 3912 339 3977 ria
352 3914 491 3981 videtur.

785 4063 896 4116 NOTAE

323 4176 337 4220 1
363 4172 487 4235 Epistola
505 4177 564 4226 due
584 4178 673 4228 Pilato
690 4180 821 4244 ascripto,
859 4177 1012 4242 Apoeryplurr
1025 4177 1089 4226 Noor'
1108 4174 1258 4236 Testamenti,
1271 4175 1387 4236 colim,

289 4247 403 4315 vulgate
414 4257 483 4315 runt,
492 4251 558 4304 libro
569 4254 612 4303 col
622 4255 724 4321 titulus,
738 4257 821 4307 Codex
858 4254 997 4319 smegma,
1007 4257 1047 4318 tc.
1063 4251 1153 4308 arn.
1160 4251 1279 4304 Fabricio
1290 4251 1386 4302 Herna
