3200 4917
423 431 428 439 .
496 385 537 434 sn
562 385 639 436 ιη.
661 385 717 434 ιιι.
739 384 1018 436 ursrorusenu.
1066 389 1071 398 ·
1216 368 1305 434 'toll

206 529 359 595 adjunxere.
390 527 449 578 tttte
459 527 595 592 cognitum
604 527 651 579 tria
661 527 814 578 intuitiones
824 529 954 592 cobortes,
964 536 992 578 st
1002 529 1069 578 siam
1078 527 1120 578 oui
1131 527 1305 580 Scribonianus

206 623 310 670 nomeu,
320 609 352 658 ad
365 609 459 659 Forum
469 608 559 658 Aiieni
570 618 650 671 ponte
655 609 748 672 juncto
759 610 915 680 consedisse.
944 609 1045 658 Placuit
1056 609 1158 658 occano
1169 607 1306 659 invadendi

207 689 363 739 incuriosos:
389 703 448 736 nam
469 689 494 735 id
513 703 616 752 qnoque
636 689 814 738 nuntiabatur.
848 689 918 739 Luce
939 691 1020 751 prima
1042 689 1151 738 inermes
1170 688 1305 753 plerosque

206 782 368 832 oppressere.
402 767 562 816 Praedictum
582 775 610 817 ut
629 769 719 832 paucis
730 767 877 819 intersectis
891 777 991 818 ceteros
1003 785 1099 832 pavore
1111 770 1143 818 ad
1156 768 1305 818 mutandum

206 849 284 898 iidem
304 856 434 911 cogerent.
467 849 503 896 Et
523 847 597 897 fuere
608 849 652 912 qni
670 863 698 898 ae
718 851 806 899 statim
828 851 967 898 dederent:
995 854 1080 913 piures
1096 851 1207 912 abrupto
1226 857 1305 914 ponte

206 929 315 979 instanti
325 929 392 977 busti
406 927 472 977 viam
481 928 652 976 abstulerunt.
686 930 799 991 Vulgata
815 931 922 980 victoria
933 939 989 994 post
1004 931 1130 994 principie
1143 930 1203 978 beiii
1215 944 1305 980 aucun·

207 1009 267 1058 dnm
279 1009 424 1070 Flavianos,
434 1008 492 1056 doe
509 1007 633 1070 legiones,
645 1007 753 1072 septima
764 1008 902 1067 Galbiana,
922 1010 1098 1058 tertiadecima
1114 1009 1233 1070 Gemina,
1244 1024 1304 1060 cnm

204 1089 393 1154 Vedioiiquiia
405 1092 489 1153 iegato
503 1089 639 1138 Patavium
660 1090 756 1138 aiacres
773 1089 890 1138 veniunt.
926 1088 967 1137 ibi
980 1089 1057 1152 pauci
1078 1089 1134 1138 dies
1147 1089 1180 1138 ad
1191 1090 1304 1154 requiem

204 1171 291 1232 anniti,
311 1179 339 1220 et
361 1169 595 1220 Minutinanstua
614 1168 850 1230 praecantorum
870 1169 921 1232 isg.
941 1182 988 1218 ru.
1006 1169 1066 1232 quis
1086 1168 1208 1218 audacius
1228 1182 1303 1233 quam

204 1249 273 1300 civiti
286 1249 352 1299 beiio
364 1249 538 1313 imperitabat,
548 1249 695 1298 subtractus
705 1249 815 1298 miiitum
827 1251 881 1310 ire,
901 1249 933 1298 ad
945 1249 1131 1313 Vespasianum
1150 1251 1241 1298 missua
1253 1257 1303 1300 est.

204 1330 361 1382 Desiderata
379 1330 422 1380 din
442 1345 483 1378 res
503 1329 720 1392 interpretatione
738 1330 826 1392 giorire
850 1331 877 1380 in
898 1330 981 1394 majos
1005 1331 1141 1394 accipitar,
1168 1339 1303 1397 postquam

204 1409 296 1460 Galbae
308 1411 431 1474 imagines
442 1410 572 1460 discordia
584 1417 729 1472 temporum
741 1411 876 1460 subuersas
894 1411 920 1460 in
937 1411 1053 1462 omuibus
1066 1411 1210 1475 municipiis
1223 1411 1303 1462 recoii

198 1491 278 1555 jussit
296 1491 433 1549 Antonius,
451 1490 573 1539 decorum
594 1505 641 1553 pro
658 1505 750 1540 caussa
770 1499 843 1540 ratus
859 1492 881 1540 si
900 1491 1001 1556 piacere
1018 1491 1110 1542 Geibre
1129 1491 1302 1555 principatum

204 1579 292 1634 partes
307 1577 502 1635 presumerent.
536 1570 679 1621 ertesitunr
699 1571 829 1634 indeque
850 1572 924 1622 aedes
936 1573 1006 1622 beiio
1025 1572 1163 1636 tegeretur.
1197 1573 1303 1621 Verona

201 1652 287 1715 potior
299 1652 361 1708 risa,
374 1651 521 1714 patentibus
534 1651 631 1700 circum
648 1651 746 1714 campis
766 1651 798 1700 ad
819 1665 930 1716 pugnam
949 1658 1095 1715 equestrem
1107 1667 1157 1717 qus
1176 1652 1301 1714 praevuie·

201 1732 281 1783 bant:
298 1735 373 1783 simui
385 1734 510 1783 coloniam
522 1733 603 1796 copiis
614 1733 725 1782 validam
736 1731 839 1783 anferre
851 1733 957 1784 Vitellio
969 1734 994 1782 iu
1006 1747 1060 1782 rem
1072 1730 1216 1797 famamque
1230 1731 1299 1782 ride·

202 1814 288 1864 batur.
316 1815 439 1864 Possessa
451 1816 505 1877 ipso
517 1815 626 1864 transitu
637 1815 773 1864 vicentia:
791 1815 860 1878 quod
871 1828 918 1878 per
929 1829 957 1864 se
970 1829 1058 1878 parum
1069 1813 1176 1877 (etenim
1190 1811 1299 1862 ruodicae

200 1895 342 1958 municipio
356 1895 436 1959 vires)
446 1896 531 1958 mugni
541 1895 665 1944 momenti
676 1897 761 1944 iocum
779 1895 902 1956 obtinuit,
915 1895 1093 1958 reputantibus
1105 1893 1156 1942 iiiic
1169 1893 1300 1942 Caectnsm

199 1975 325 2038 genitum,
336 1986 363 2026 et
381 1977 490 2040 patrium
506 1976 619 2025 bostium
631 1975 689 2024 duci
702 1983 827 2040 ereptam.
861 1973 892 2023 lu
904 1973 1098 2023 Veronensibus
1110 1972 1221 2035 pretium
1232 1970 1299 2022 tuit:

199 2056 320 2118 exempio
338 2056 479 2119 opibusque
498 2063 585 2118 partes
599 2054 701 2119 juvere.
735 2055 770 2103 Et
788 2054 949 2117 interceptus
969 2053 1098 2102 exercitus
1117 2066 1165 2116 per
1187 2051 1298 2100 Retiam

194 2134 336 2198 'Juliusqne
346 2133 442 2197 Alpes:
460 2150 490 2184 ac
507 2150 541 2184 ue
558 2135 675 2198 persium
695 2135 741 2183 iiia
758 2134 919 2184 Germanicia
936 2132 1092 2182 exercitibus
1112 2129 1190 2190 soret,
1207 2132 1299 2194 obsep-

199 2222 279 2263 serat.
314 2215 380 2266 Quae
399 2215 487 2278 ignaro
503 2215 662 2278 Vespasiano
675 2220 723 2272 ant
742 2215 836 2263 vetita:
855 2214 952 2278 quippe
971 2211 1098 2276 nquiieioe
1118 2211 1174 2260 sisti
1194 2210 1298 2274 beilum,

197 2296 396 2360 exspectarique
408 2295 557 2344 Mucianum
564 2293 682 2357 jubebat.
716 2293 912 2357 Adjiciebatque
923 2292 1032 2355 imperio
1042 2291 1184 2352 consitium,
1195 2291 1298 2354 quando

199 2373 337 2439 AEgyptns,
348 2378 462 2425 claustra
472 2389 590 2437 sunone,
609 2375 748 2439 vectigaiio
759 2374 1009 2437 opulentissimarum
1029 2371 1215 2435 provinciarum
1233 2371 1299 2420 obti-

197 2464 331 2518 uerentnr,
350 2471 426 2519 posse
437 2456 537 2506 Viteiiii
555 2455 699 2506 exercitum
710 2463 829 2520 egestate
840 2455 965 2518 stipendii
984 2453 1158 2517 frumentique
1172 2451 1204 2500 ad
1225 2451 1297 2500 dedi-

199 2536 295 2585 tionem
307 2537 398 2600 subigi.
432 2537 529 2586 Eadem
543 2538 680 2586 Mucianus
689 2537 789 2587 crebris
809 2537 925 2600 epistoiia
944 2533 1076 2594 monebat,
1097 2534 1256 2582 incruentam
1269 2539 1297 2582 ct

198 2615 253 2665 siue
276 2618 348 2666 iuctn
366 2617 498 2667 victoriam
518 2625 546 2666 et
564 2618 615 2666 niis
632 2617 808 2681 hujuscemodi
832 2615 1011 2680 praeterendo,
1031 2613 1076 2664 sed
1097 2614 1184 2677 giuriae
1205 2612 1295 2662 auidus

196 2703 275 2760 utque
296 2711 371 2746 omne
392 2697 454 2745 beiii
474 2697 554 2746 decus
573 2697 622 2746 sibi
639 2699 764 2747 retinens.
798 2699 921 2746 Ceterum
939 2711 972 2744 ex
991 2693 1148 2743 instantibus
1168 2700 1295 2742 terrarum

191 2777 286 2839 'spatiis
303 2777 408 2826 consilia
428 2784 487 2840 post
506 2791 548 2826 res
568 2775 754 2827 afferebantur.
788 2777 873 2840 Igitur
891 2777 1026 2840 repentino
1045 2776 1148 2824 incursu
1168 2774 1296 2824 Antonius

195 2855 321 2906 stationes
332 2851 442 2905 bostium
452 2857 556 2920 irrupit,
568 2857 727 2920 tentatiaqne
739 2855 790 2904 ievi
803 2856 892 2920 proeiio
903 2855 1002 2918 animis,
1013 2871 1045 2906 ex
1058 2870 1132 2920 oeqno
1144 2855 1295 2906 discessum.

189 2934 261 2986 'Mox
280 2937 383 2988 Cncinn
394 2937 464 2985 inter
476 2937 614 2987 Hostilium
625 2939 710 2987 vicum
724 2937 908 2986 i'eroueuaium
921 2945 948 2986 et
969 2936 1075 2999 poindes
1094 2936 1197 2984 Tartari
1213 2933 1295 2983 iinrui-

194 3015 235 3063 nis
245 3023 333 3064 castra
343 3017 493 3078 permuniit,
510 3023 583 3065 totns
593 3017 661 3078 ioco,
680 3031 738 3066 cum
750 3024 825 3080 terga
844 3015 960 3076 flumine,
977 3018 1059 3066 iatera
1070 3015 1176 3078 objectu
1193 3013 1294 3078 paiudis

195 3101 355 3156 tegerentur.
396 3095 509 3146 Quodsi
528 3094 646 3145 affuisset
664 3096 739 3159 iidea,
758 3105 803 3146 ant
821 3098 932 3161 opprimi
952 3097 1076 3146 universis
1095 3093 1293 3143 Vitellianorum

195 3173 295 3222 viribus
306 3173 364 3222 rinae
377 3175 489 3235 ieqiones
500 3174 612 3224 nondum
628 3175 768 3238 conjuncto
781 3177 890 3226 Moesico
900 3176 1018 3224 exercitu
1031 3181 1146 3236 potuere,
1157 3179 1202 3221 aut
1212 3181 1293 3222 retro·

194 3258 261 3302 actae
281 3253 387 3304 deserta
402 3255 481 3304 itatis
498 3262 600 3317 turpem
617 3253 704 3318 fugam
722 3255 917 3306 conscivissent.
956 3252 1007 3302 Sed
1020 3251 1125 3302 cecina
1145 3266 1192 3315 per
1209 3251 1293 3304 varius

194 3346 277 3382 moras
287 3335 372 3398 primu
381 3335 497 3384 hostibus
506 3333 624 3384 vendidit
635 3339 752 3398 tempora
763 3333 836 3395 beiii,
845 3332 905 3383 dum
916 3348 980 3399 qnos
992 3333 1068 3382 armis
1080 3333 1176 3396 peiiere
1189 3347 1292 3398 promp-

196 3416 467 3479 tumerat,epist01is
487 3417 617 3479 increpat,
638 3415 722 3465 donec
741 3429 790 3479 per
809 3416 915 3465 nuncios
935 3421 1013 3479 pactu
1032 3413 1147 3477 perfidie
1165 3413 1290 3466 firmaret.

194 3491 304 3542 Interim
323 3493 440 3557 Aponius
450 3495 602 3545 Saturninus
613 3511 670 3545 cnm
690 3495 792 3559 iegione
812 3509 863 3544 urs.
879 3496 1021 3546 Claudiana
1036 3495 1151 3544 advenit.
1184 3494 1290 3557 Legioni

188 3572 311 3622 tribunus
320 3574 457 3640 Vipsanius
469 3576 594 3625 Mesaaiia
605 3584 728 3640 preerat,
740 3577 818 3626 cieris
832 3578 979 3640 majoribus,
995 3575 1115 3640 egregius
1126 3575 1191 3636 ipse,
1207 3580 1235 3622 et
1247 3575 1291 3638 qui

194 3654 227 3702 ad
239 3653 264 3702 iri
277 3653 372 3703 beiiuru
387 3657 456 3705 soiua
467 3663 538 3705 artes
547 3655 627 3705 bonas
638 3657 777 3706 attulisset.
814 3655 868 3705 iias
881 3657 912 3704 ari
932 3657 1018 3719 copias
1031 3667 1192 3717 nequaquam
1207 3653 1290 3702 Vitei·

191 3733 267 3782 iianis
279 3747 355 3796 parea
369 3733 478 3798 (quippe
498 3741 553 3783 tres
569 3737 652 3783 adbuc
672 3737 787 3798 iegioues
807 3737 893 3797 erant)
910 3737 977 3785 misit
989 3735 1110 3799 epistuias
1122 3731 1233 3790 Cutina,
1251 3737 1290 3779 te·

190 3814 340 3864 meritatem
350 3813 419 3861 ricta
429 3827 502 3861 orma
520 3813 687 3862 tractantium
705 3815 831 3864 incusans.
863 3817 943 3866 Simui
955 3817 1035 3865 virtus
1046 3811 1196 3862 Germanici
1216 3823 1289 3859 exer-

192 3896 261 3944 eitus
278 3891 398 3960 laudibus
417 3893 596 3954 attoiiebutur,
612 3893 712 3942 Vitriiii
730 3894 831 3944 nonies
848 3903 875 3945 ot
895 3897 994 3960 irrigari
1016 3893 1155 3950 mentione,
1171 3891 1241 3938 nuiia
1263 3890 1287 3939 in

190 3973 378 4038 Vespasianum
389 3973 553 4022 contumeiia.
586 3973 656 4023 Nibii
668 3987 772 4037 prorsna
786 3975 855 4036 quod
875 3982 919 4024 aut
930 3979 1107 4034 corrumperet
1118 3971 1227 4030 nostem,
1244 3977 1288 4020 urit

189 4061 312 4106 terreret.
346 4055 525 4104 Flavianarum
544 4054 656 4117 partium
674 4055 763 4115 duces,
781 4055 874 4103 orniasn
893 4056 985 4118 prioris
998 4050 1108 4102 fortune
1128 4049 1287 4114 defensioue,

191 4148 239 4198 pro
248 4137 409 4199 Vespasiano
419 4133 565 4198 magnifice,
581 4150 629 4198 pro
639 4150 730 4185 caussa
741 4134 862 4196 tidenter,
874 4134 907 4183 de
918 4135 990 4182 exitu
1002 4133 1095 4193 aecuri,
1114 4133 1141 4180 in
1151 4131 1285 4181 Viteiiium

191 4219 222 4263 ut
235 4214 340 4268 inimici.
373 4217 455 4268 Facta
464 4216 584 4267 Tribunis
596 4223 623 4266 et
640 4215 841 4267 centurionibus
854 4213 981 4264 retinendi
996 4227 1053 4280 qun
1065 4211 1186 4262 Viteiiius
1204 4211 1287 4261 indui·
