3200 4917
509 417 548 466 ιι
574 417 648 466 ιιι.
671 417 753 465 xlv.
775 415 995 466 ιιιιιιιυιι.
1221 401 1310 468 leun

208 557 264 610 lma
273 557 374 608 actnoei
384 558 500 608 bominac
510 566 539 610 ct
548 557 664 612 foreneea
674 568 735 623 post
745 560 870 610 decimam
883 573 970 622 eaepe:
989 557 1107 624 qnoniam
1118 571 1160 610 rea
1171 565 1198 610 et
1207 560 1313 626 jndicio

208 640 236 688 in
253 638 310 688 loro
325 640 442 689 exercita
452 639 485 689 ad
497 641 630 694 Decimam
639 641 736 702 bomin,
747 641 785 690 uti
804 653 837 688 ex
856 639 998 688 Milaniona
1016 637 1122 688 Asconii
1141 638 1247 693 diruam·
1268 643 1311 692 At‘·

208 721 313 770 labente
321 721 429 783 irnperio
438 721 613 787 moribusque,
621 728 713 774 octana
723 722 786 770 bora
797 720 883 770 balnei
894 717 982 768 baberi
993 726 1088 782 caepta,
1095 733 1146 768 non
1153 720 1208 784 ipea
1216 735 1306 774 cana.

208 801 312 856 Pliniua
321 801 354 850 de
365 801 508 864 Spurinna:
524 806 531 831 ‘
547 803 599 852 Ubi
609 804 671 852 bora
681 803 766 852 balnei
777 803 900 852 nunciata
912 807 963 860 ert,
976 800 1030 862 (eet
1041 805 1126 850 antem
1137 801 1220 852 hieme
1232 817 1308 864 ιιοιιι,

208 890 302 932 notate
315 883 435 942 octava.)
452 884 478 932 ln
489 884 544 932 aula
563 883 677 933 ambulat
698 882 796 932 nudus:
812 885 880 933 lotue
902 879 1028 930 accubat!
1061 879 1189 931 Martialia
1208 891 1307 947 praeter

208 965 279 1014 locor
289 965 367 1015 nlioa:
385 964 524 1028 ‘Imperat
532 971 678 1014 exatructoa
688 961 810 1024 frangere
829 963 906 1011 Nona
924 960 1030 1010 thoros!
1064 963 1139 1012 Hane
1155 964 1242 1014 boram
1262 965 1307 1031 qni
1322 1017 1325 1024 ,

209 1045 415 1107 praeveniebant,
436 1043 591 1107 tempeative
613 1043 711 1106 epulari
734 1041 888 1092 dicebantur
907 1050 935 1092 et
954 1050 1119 1106 praemature,
1140 1049 1168 1092 et
1188 1046 1307 1096 convivia

210 1137 298 1173 eornm
308 1123 488 1187 Tempestira:
505 1123 549 1187 qui
567 1124 594 1170 in
611 1123 715 1186 longum
734 1121 882 1182 trabebant,
900 1123 977 1186 inque
997 1130 1100 1172 noctem
1116 1123 1307 1188 intempestam,

204 1203 265 1266 jare
275 1217 363 1252 corma
374 1204 460 1266 epulae
469 1203 675 1264 Intempcativae.
708 1201 761 1253 Qui
778 1200 812 1250 de
830 1202 909 1252 multo
926 1200 980 1262 die,
997 1200 1111 1264 inquam,
1125 1203 1225 1266 epulari
1245 1205 1310 1256 inci·

208 1280 321 1346 piebant,
333 1282 359 1332 in
370 1298 415 1332 coe
426 1284 533 1347 ‘alance
550 1281 607 1331 bec
622 1288 685 1332 nota
703 1289 731 1330 ct
748 1295 851 1331 nomen.
886 1281 995 1330 Plautus
1015 1281 1138 1344 probroae
1154 1283 1181 1332 in
1200 1298 1287 1335 cenem
1297 1301 1313 1337 a·

206 1362 292 1418 {Cum
303 1378 350 1414 eoo
360 1363 409 1412 aibi
419 1370 498 1427 gnato
510 1377 561 1412 nna
571 1362 605 1410 ad
616 1363 723 1412 amicam
734 1361 768 1410 de
786 1362 829 1410 dic
848 1360 961 1411 Potare!
995 1361 1065 1412 Hinc
1076 1365 1146 1427 apud
1158 1365 1305 1416 Oatnllunr:

207 1445 216 1472 ⁸
228 1445 355 1495 Conrima
365 1445 435 1494 lauta
446 1444 480 1496 de
491 1443 534 1492 die
544 1442 561 1493 :'
577 1443 646 1506 apud
659 1444 807 1504 Horatium,
822 1445 829 1472 ‘
841 1443 926 1493 dictna
935 1445 996 1494 berc
1006 1444 1059 1494 illic
1069 1446 1112 1495 De
1121 1446 1206 1496 medio
1216 1454 1306 1510 potare

208 1523 270 1574 die!
303 1524 440 1574 Suetonius
451 1523 486 1572 de
499 1523 621 1574 Nerone:
638 1523 646 1549 ‘
659 1524 754 1586 Epulaa
765 1538 781 1572 a
791 1523 877 1573 medio
889 1523 931 1572 die
949 1523 981 1572 ad
999 1524 1108 1574 mediam
1126 1533 1228 1576 noctem
1249 1544 1308 1593 pro·

208 1603 343 1655 trabeban'
375 1603 474 1654 Plinius
484 1605 510 1652 in
518 1603 668 1654 laudatione
678 1604 794 1667 TraJ‘ani:
813 1605 821 1633 ‘
835 1605 894 1654 Non
904 1606 972 1655 enim
983 1613 1043 1656 aute
1055 1607 1166 1657 medium
1174 1608 1242 1658 diem
1254 1610 1306 1660 die·

208 1688 304 1748 tentus,
315 1685 429 1735 solitaria
439 1699 523 1744 cana,
534 1692 667 1748 spectator
678 1686 867 1750 adnotaturque
878 1686 991 1736 cunririe
1001 1687 1051 1735 tuir
1062 1687 1194 1739 imminet!
1218 1690 1306 1740 birine

208 1765 241 1816 de
253 1764 381 1815 Annibale
398 1766 496 1830 Capuae
509 1766 674 1816 lasciviente:
692 1768 854 1830 ‘Cuperunt
871 1768 971 1832 apoleri
991 1767 1023 1817 ‹le
1042 1768 1095 1830 die,
1114 1775 1142 1818 et
1160 1771 1306 1822 convivium

208 1860 259 1896 non
270 1862 302 1896 ex
313 1861 385 1896 more
396 1847 495 1897 Punico
514 1855 559 1897 ant
578 1847 682 1897 militari
700 1848 838 1912 disciplina
849 1847 924 1896 enee!
957 1848 1049 1898 Cicero
1061 1849 1093 1898 de
1105 1849 1215 1901 l’ieone:
1233 1851 1241 1880 ‘
1253 1852 1305 1904 Qui

208 1943 346 1994 numquam
366 1929 450 1978 Solem
471 1930 598 1979 orientem
618 1935 664 1978 aut
681 1929 845 1979 occidentem
864 1929 984 1978 viderit?
1008 1930 1148 1993 culpatque
1169 1945 1228 1979 eum
1248 1931 1306 1982 vitii

208 2010 348 2074 utrimque.
381 2010 428 2058 Uti
449 2017 478 2058 et
498 2009 577 2059 Silina
599 2009 760 2073 campanos:
785 2009 940 2073 ‘medioque
961 2009 1061 2059 dierum
1080 2011 1192 2073 Regulos
1212 2014 1306 2076 epula,

207 2098 285 2155 atque
297 2099 356 2138 orto
365 2089 485 2138 convivia
492 2090 561 2139 Solle
571 2090 725 2152 Deprensa·
759 2089 827 2139 Hmc
844 2089 1002 2154 tempeative
1021 2091 1139 2139 convivia
1153 2105 1223 2155 repe
1234 2107 1306 2141 uenr·

208 2170 265 2234 pari
274 2171 352 2218 aolita
361 2169 453 2218 diebne
463 2169 530 2219 tretia
541 2168 675 2233 lentiaque.
707 2169 841 2219 luvenalis
851 2169 985 2220 Persicum
995 2183 1068 2218 annm
1087 2169 1214 2220 inritant:
1232 2173 1240 2202 ‘
1248 2172 1306 2235 jana

208 2249 316 2300 nuncin
328 2250 422 2299 balnea
432 2249 504 2298 aalra
511 2250 609 2299 Fronte
619 2250 681 2300 licet
691 2250 786 2311 radaa;
803 2265 956 2315 quamquam
967 2250 1050 2300 rolida
1065 2251 1127 2300 hora
1138 2251 1252 2315 auperelt
1263 2251 1305 2303 Ad

205 2331 325 2382 aerum!
357 2331 421 2381 Vult
430 2345 493 2380 ecce
503 2345 563 2380 eum
581 2329 614 2379 ad
636 2330 741 2380 balneae
758 2332 796 2381 ire
817 2331 879 2380 bora
897 2331 997 2394 quinta,
1009 2338 1105 2394 preater
1116 2333 1306 2394 morem‚etad

206 2414 296 2477 epulae
308 2412 396 2462 venire
407 2417 482 2460 nexta
491 2411 644 2476 septimana.
660 2411 838 2460 Saturnalibus
849 2412 912 2460 item
923 2411 998 2476 vulgo
1009 2412 1126 2462 convivia
1138 2411 1309 2468 ordiebantur

208 2509 224 2542 a
234 2495 393 2544 multaluce.
424 2493 616 2543 Tertullianna:
632 2493 712 2542 ‘Nou
722 2492 795 2543 lavor
806 2487 917 2542 diluenlo
933 2493 1120 2555 Saturnalibus,
1138 2507 1172 2542 ne
1188 2499 1216 2544 et
1236 2493 1309 2543 dlem'

208 2580 236 2624 et
254 2579 355 2623 noctem
373 2573 494 2638 perdam:
512 2579 627 2623 attamen
645 2573 718 2622 lavor
733 2573 842 2622 bonerto
859 2574 923 2622 hora
942 2579 969 2623 et
987 2573 1102 2623 aalnbri.'
1138 2573 1204 2622 Nam
1224 2574 1311 2622 lantlo'

207 2661 380 2719 temperante
391 2654 487 2704 cibum.
521 2653 588 2702 item
598 2654 702 2716 nuptiia.
733 2652 861 2718 Apuleius
871 2653 954 2718 Apol.
966 2669 985 2704 r.
1003 2654 1011 2681 ‘
1025 2655 1165 2717 Nupttane
1181 2653 1234 2703 illae
1250 2651 1306 2702 sue·

206 2744 277 2796 runt,
295 2749 328 2784 an
346 2733 415 2784 alind
435 2733 596 2783 celebratum
612 2731 734 2796 officinm,
749 2748 781 2783 ac
800 2735 945 2784 convitium
958 2733 1164 2800 tempeetlvnmi'
1197 2735 1306 2784 Eaannt
1383 2789 1389 2796 ¹

206 2817 325 2866 convivia
336 2831 394 2881 qnae
405 2815 498 2865 Catoni
510 2815 607 2878 placita
617 2815 686 2877 apnd
707 2815 875 2864 Ciceronem:
893 2816 900 2844 ⁶
913 2817 969 2880 Ego
989 2829 1051 2866 vero
1063 2821 1171 2878 propter
1181 2815 1307 2880 qermonia
1341 2841 1349 2855 ·

207 2897 404 2948 delectationem
415 2897 576 2959 tempeativia
586 2895 709 2946 conviviis
719 2895 855 2947 delector.'
887 2895 954 2946 Item
965 2895 1082 2956 Claudio,
1094 2896 1126 2945 de
1138 2910 1188 2960 qno
1198 2895 1306 2945 Tacitus

207 2977 226 3027 l.
236 2990 277 3028 11.
291 2977 433 3027 ‘Clandiua
451 2977 554 3026 doraum
576 2991 717 3040 regmina,
734 2983 763 3026 et
781 2976 943 3040 tempeativia
963 2977 1047 3040 epulia
1066 2975 1203 3025 delinitua.’
1236 2976 1306 3026 Qum

207 3059 292 3120 epulae
301 3058 324 3106 ai
335 3057 420 3106 media
431 3065 508 3106 nocte
516 3056 638 3117 fuirunt,
646 3072 696 3106 non
707 3058 793 3120 potuit
804 3058 873 3106 inter
883 3070 926 3106 eae
937 3056 1078 3106 Maenalina
1089 3069 1146 3104 enee
1157 3053 1305 3113 interfecta,

208 3139 262 3187 eine
281 3139 389 3202 querela
403 3144 448 3187 ant
467 3139 548 3187 verbo
565 3136 755 3187 uiatoricornm.
775 3135 944 3185 Alexandro:
971 3135 1003 3183 dc
1022 3149 1073 3196 qno
1093 3133 1196 3182 cortina
1215 3134 1305 3182 lvru.

207 3219 339 3282 ‘Jamque
355 3219 406 3266 iter
423 3218 553 3280 paraecin
564 3224 696 3280 poetarum
711 3216 811 3278 jusano,
822 3214 929 3264 rollenni
947 3219 976 3261 et
994 3213 1150 3276 tempestivo
1169 3211 1307 3262 adhibetur

206 3300 341 3352 convivio)
374 3300 470 3348 'lamen
492 3299 548 3348 bec
569 3295 688 3347 convivia
700 3295 761 3359 jure
779 3295 806 3343 in
826 3293 896 3344 vitio.
929 3292 1020 3342 Cicero
1041 3291 1074 3340 ad
1096 3291 1213 3342 Atticum
1237 3294 1254 3344 1.
1265 3307 1308 3344 rx.-

207 3382 314 3431 ‘Audio
325 3381 398 3430 bonit
415 3379 477 3428 viria
496 3379 563 3428 banc
583 3379 776 3428 cunctationem
793 3381 906 3426 noctram
926 3388 977 3425 non
998 3373 1110 3438 probari,
1127 3375 1259 3440 multaque
1277 3382 1306 3425 et

207 3477 298 3512 nevere
318 3463 345 3510 in
356 3477 398 3510 mc
412 3461 440 3510 in
455 3461 580 3511 conviviis
596 3459 700 3523 quidem
718 3459 877 3523 tempeatiuia
894 3457 1039 3522 dlapntarl.'
1070 3455 1139 3508 Ibid.
1157 3457 1248 3508 ‘Quae
1259 3470 1305 3506 ene

207 3541 387 3592 canaalacere
398 3542 625 3603 etobireaeripait
636 3540 723 3590 adme
741 3539 861 3589 Sentice?
878 3553 955 3604 quam
973 3539 1063 3598 lautae,
1081 3551 1156 3601 qnam
1174 3536 1307 3598 lamperti·

207 3637 252 3671 vae
259 3624 277 3672 i'
308 3623 382 3672 ldem
391 3625 410 3672 l.
421 3637 465 3672 ιιι.
476 3624 504 3671 in
514 3624 632 3685 Verrem,
642 3621 676 3672 dc
686 3621 796 3686 Apronii
807 3633 879 3670 caena
890 3621 915 3668 in
926 3618 998 3669 soro:
1015 3620 1022 3645 ⁸
1032 3617 1161 3667 Statuitur
1174 3615 1268 3663 bollion
1278 3615 1305 3664 in

206 3705 251 3754 illo
259 3703 414 3766 tempeativo
424 3702 594 3766 gladiatorum
604 3703 742 3752 convivim’
774 3705 809 3754 Et
821 3701 854 3750 de
865 3701 922 3764 ipro
940 3699 1023 3749 Verre
1034 3700 1051 3748 Ι.
1064 3713 1089 3748 ι.
1098 3699 1136 3746 ait
1147 3710 1205 3745 enm
1217 3699 1225 3721 ⁴
1236 3694 1305 3746 diem

205 3783 340 3840 conviviis,
348 3789 450 3830 noctem
462 3784 559 3843 elnpria
567 3781 739 3830 contrivieaess
761 3783 949 3834 Quinctilianne
962 3780 1106 3829 Declamat.
1118 3780 1175 3826 til.
1192 3779 1200 3804 ⁴
1213 3776 1305 3839 Neque
1379 3801 1383 3808 ·

205 3865 273 3914 enim
284 3869 445 3912 senectutem
457 3859 740 3917 altercationesque,
754 3862 801 3909 aed
818 3863 910 3926 ianque
923 3860 986 3908 ordo
997 3859 1073 3907 vitae:
1092 3869 1140 3904 nec
1152 3854 1305 3904 ebrietatem

205 3946 266 3996 facit
278 3945 323 3994 ilia
333 3943 416 4007 potio,
426 3951 484 4005 poet
499 3955 574 4006 quam
590 3939 779 3990 concidendum
790 3948 844 4002 eet;
862 3942 908 3992 aed
921 3937 1101 4002 tempestivum
1113 3936 1265 3998 convivium,
1277 3941 1311 3986 et.

207 4023 423 4078 aviditaantmta!
455 4024 556 4072 selleca
566 4025 609 4072 De
620 4020 673 4079 Ira,
686 4023 703 4071 Ι.
715 4034 746 4069 ιι.
757 4025 799 4070 28.
816 4021 928 4070 ‘Aliena
946 4019 1011 4068 vitia
1029 4018 1055 4065 in
1072 4019 1153 4067 oculu
1173 4017 1307 4078 habemur,

206 4122 223 4156 a
234 4115 308 4170 tergo
318 4113 407 4155 noetra
418 4112 487 4154 eunt.
519 4102 585 4151 lude
595 4109 645 4163 eat,
654 4103 725 4166 qnod
737 4101 892 4163 tempestiva
909 4098 957 4147 tilii
975 4087 1091 4146 convicia
1103 4105 1180 4158 pater
1190 4096 1305 4146 deterior

206 4185 260 4235 tillo
268 4186 398 4250 castigat)
431 4185 509 4234 Addo
520 4183 604 4234 Taciti
614 4185 697 4234 locum
709 4184 769 4234 len.
781 4181 854 4231 Hiat.
871 4181 879 4210 ‘
894 4178 1068 4229 Diacnbnerat
1080 4178 1197 4226 Vitellius
1208 4177 1305 4238 Ticini,

208 4263 366 4316 adhibitaad
382 4266 475 4334 epulae
485 4263 617 4329 Verginio.
650 4262 742 4327 legati
759 4260 918 4328 'l'rllrumqoe
937 4271 971 4310 ex
990 4257 1103 4310 rnoribua
1121 4257 1305 4324 tuperaurnm
