3200 4917
295 370 382 438 4522
625 387 820 438 ancuusus
845 389 1061 438 nnrrroauu

336 555 375 616 de
401 555 614 614 Germanorum
636 555 763 634 populis,
785 557 927 634 Dialogus
952 553 993 613 de
1017 554 1204 626 Oratoribus,
1219 552 1347 630 denique
1358 551 1397 612 de

335 651 395 711 vita
415 651 561 729 Agricola
576 671 634 710 nou
659 652 752 712 solum
766 653 958 712 emaculatius
973 651 1130 729 prodeunt,
1154 648 1204 710 sed
1220 662 1250 709 et
1264 649 1396 727 explica-

335 745 403 817 tius,
418 746 566 822 adjunctis
577 748 608 805 in
621 748 766 807 bancrem
781 748 909 808 scholiis.
941 747 1061 808 Basileae
1076 748 1103 805 in
1119 745 1237 806 officina
1253 745 1395 805 Frobeui·

337 861 459 920 suaper
473 842 597 902 Hieron.
630 843 806 902 Frobeuium
833 853 864 902 et
891 842 959 901 Nic.
974 843 1174 920 Episcopium,
1199 839 1397 903 1533111111-

336 957 432 997 nanus
459 947 570 997 textum
595 939 767 997 basileensis
797 955 824 998 1.
844 957 931 1017 quem
954 939 1104 1016 vulgatum
1132 939 1213 1008 dicit,
1239 957 1306 997 cum
1331 937 1397 996 MS.

338 1033 468 1094 Budensi
493 1035 634 1093 collatum
657 1034 752 1105 dedit,
776 1043 807 1094 et
835 1035 864 1094 in
891 1033 1051 1095 Germania
1079 1034 1215 1093 adhibuit
1239 1035 1397 1094 editionem

337 1131 423 1190 aliam
446 1140 571 1190 veterem
596 1131 740 1190 Italicam.
781 1130 815 1188 lu
838 1130 975 1208 Agricola
1007 1137 1036 1188 et
1058 1129 1135 1188 Dial.
1156 1129 1194 1188 de
1221 1129 1398 1189 Oratoribus

339 1227 403 1286 solo
416 1226 532 1303 iugenio
547 1246 618 1284 usus
639 1237 694 1285 est.
716 1225 853 1284 Beroaldi
873 1236 903 1284 et
924 1225 1032 1286 Alciati
1045 1236 1123 1284 notae
1137 1246 1173 1284 ex
1187 1225 1234 1284 ed.
1256 1223 1399 1304 superiori

337 1321 497 1381 Basileeusi
511 1321 661 1399 repetitae:
694 1321 761 1406 ipse
774 1321 931 1381 Rhenanus
947 1320 1060 1380 scholia
1073 1320 1218 1397 adjunxit,
1239 1329 1269 1379 et
1283 1320 1397 1378 tbcsau·

338 1438 402 1477 rum
416 1417 667 1477 constructionum
689 1426 719 1476 et
732 1417 913 1476 locutionum
925 1426 956 1476 et
970 1436 1075 1477 uocum
1101 1415 1209 1476 Tacito
1232 1413 1398 1475 solennium

340 1513 643 1591 praemisitutiliorem.
955 1503 957 1508 ¹

378 1607 476 1684 Hujus
490 1617 604 1668 textum
626 1615 660 1666 ut
672 1606 821 1684 vulgatum
837 1617 1015 1686 sequuntur:

303 1710 381 1764 1534
400 1701 520 1775 Aldina,
549 1713 575 1764 8.
600 1704 773 1765 ‘Cornelius
797 1704 930 1777 Tacitus,
959 1705 1128 1782 recognitus
1152 1713 1183 1763 et
1209 1701 1394 1774 emendatus,

340 1803 397 1858 &c
432 1800 517 1859 Varia
538 1802 626 1861 lectio
647 1802 675 1860 in
697 1803 779 1861 calce
799 1801 896 1880 operis
919 1803 1067 1881 impressa.
1082 1801 1224 1873 Venetiis,
1239 1800 1268 1858 in
1283 1798 1396 1859 aedibus

341 1895 490 1956 haeredum
499 1897 569 1957 Aldi
578 1897 704 1958 Manutii
717 1899 854 1972 Romani,
866 1908 895 1959 et
910 1898 1037 1959 Androm
1048 1897 1168 1958 Asulani
1179 1897 1287 1969 Soceri,
1303 1915 1404 1956 meuse

341 1991 504 2052 Novembri
522 1995 620 2055 1534!
641 1994 779 2073 Elegana.

303 2095 378 2149 1541
402 2089 575 2170 Gryphiana
596 2109 620 2152 1.
642 2091 768 2151 Cornelii
794 2091 896 2151 Taciti
924 2091 1052 2150 Annales
1071 2111 1106 2148 ex
1135 2089 1238 2168 castig.
1267 2098 1298 2148 et
1331 2107 1400 2148 enm

342 2195 457 2245 annott.
478 2187 553 2245 AErn.
568 2186 686 2259 Ferreti,
701 2190 736 2247 B.
752 2188 898 2260 Rhenani,
913 2189 1030 2258 Alciati,
1046 2197 1076 2248 et
1090 2188 1237 2247 beroaldi.
1253 2184 1400 2264 Lugduni,

344 2287 373 2338 a.
393 2279 472 2339 11111.
486 2283 603 2342 amat.
616 2301 647 2361 p.
666 2284 733 2357 196,
747 2305 776 2344 n.
793 2293 883 2356 asra.

306 2382 382 2436 1542
405 2377 655 2439 Francoiurtensis
671 2397 695 2439 1.
712 2390 740 2441 8.
757 2380 811 2440 ⁴1³.
825 2379 952 2440 Cornelii
965 2378 1064 2439 Taciti
1078 2380 1134 2458 Eq.
1146 2380 1231 2440 Rom.
1247 2377 1401 2438 Annalium

343 2471 406 2531 sive
431 2475 571 2535 Historia
585 2476 728 2553 Augustae
753 2473 845 2546 Libri,
860 2482 1002 2553 quantum
1026 2473 1147 2553 quidem
1172 2494 1274 2534 eorum
1301 2483 1403 2545 restat,

346 2564 494 2631 Sedecim.
522 2569 666 2646 Ejusdem
682 2569 799 2630 libellus
808 2573 847 2630 de
860 2570 990 2630 moribus
1003 2579 1033 2632 et
1047 2572 1163 2648 populis
1177 2573 1404 2632 Germanorum.

349 2667 424 2726 ltem
438 2667 506 2726 Vita
530 2667 601 2727 Julii
629 2667 785 2745 Agricola,
810 2665 945 2726 oratoris.
988 2667 1062 2726 ltem
1087 2667 1227 2746 Dialogus
1255 2668 1292 2728 de
1317 2667 1404 2728 claris

345 2763 520 2824 oratoribus.
567 2765 645 2823 Cum
669 2764 783 2826 Indice.
804 2763 990 2826 Francosurti
1004 2785 1040 2825 ea
1053 2765 1169 2826 officina
1181 2767 1215 2825 P.
1236 2764 1404 2838 Brubacbii,

346 2856 533 2922 anuoxur'rt

307 2965 385 3019 1543
420 2955 597 3036 Grypbiaue
623 2971 663 3015 11.
698 2955 845 3034 Lugduni,
876 2966 905 3019 8.
936 2975 1003 3016 cum
1030 2957 1105 3016 notis
1132 2957 1207 3017 AEm.
1242 2956 1351 3017 Ferreti
1375 2964 1406 3016 et

344 3052 501 3113 Thesauro
516 3051 659 3112 Meneni.
684 3052 771 3112 Haud
785 3063 937 3114 accurata.

307 3158 386 3211 1544
408 3149 540 3209 Rbeaau*
582 3165 621 3209 11.
646 3168 671 3207 s.
700 3147 786 3209 Basil.
810 3165 864 3210 111.
887 3148 938 3210 fol.
960 3168 989 3210 c.
1010 3155 1122 3210 annoti.
1143 3147 1272 3208 Rhemet
1287 3147 1407 3210 Alciati.

308 3252 384 3304 1551
407 3245 582 3323 Gryphiana
611 3263 666 3305 111.
688 3244 837 3322 Lugduni,
854 3255 903 3307 la.
925 3245 1001 3305 AEm.
1032 3245 1166 3303 Ferretua
1187 3240 1327 3318 praefatus
1349 3255 1405 3314 est,

328 3376 331 3381 ·
346 3337 401 3397 sed
414 3337 480 3414 ejus
495 3349 575 3398 notar
589 3349 619 3399 et
640 3339 716 3400 thes.
738 3341 874 3399 erenaui
889 3340 1007 3399 absunt.

311 3440 389 3497 1554
408 3432 532 3505 Veneta,
547 3447 578 3497 4.
599 3433 733 3495 Fabricio
746 3445 938 3496 memoratur.

309 3539 388 3604 1559
408 3531 585 3610 Gryplriaua
599 3546 645 3590 iv.
667 3529 816 3608 Lugduni,
840 3539 888 3594 12.
914 3528 994 3609 apud
1019 3527 1151 3589 haeredes
1174 3529 1245 3590 Seb.
1269 3529 1406 3611 Grypbii.

349 3627 429 3689 Bibl.
448 3628 599 3708 Ludeurig.
612 3647 642 3689 n.
658 3625 749 3698 7641.

657 3929 771 3991 AETAS
792 3945 840 3989 rv.
862 3927 1062 3992 LIPSIANA.

315 4131 393 4194 1574
413 4124 505 4204 lipsii
516 4141 540 4188 1.
550 4133 598 4189 8.·
608 4126 744 4188 C.Coru.
757 4125 855 4187 Taciti
871 4127 946 4188 llist.
955 4136 986 4188 et
1000 4127 1104 4188 Annal.
1116 4126 1192 4199 libri,
1206 4127 1256 4206 qui
1270 4131 1381 4197 estant,
1390 4147 1410 4187 a
