3200 4917
331 396 418 462 4406
676 414 783 461 noun
807 414 1006 470 vauronuu
1031 414 1072 462 ru

331 569 378 604 mu.
411 554 448 603 At
469 568 519 617 ego
541 554 680 603 dissiluisse
700 554 756 605 hac
775 554 859 618 video,
897 554 936 603 uui
954 554 1003 618 tiela
1018 554 1064 601 siva
1080 549 1173 612 lwdpu
1193 551 1260 611 tede,
1283 548 1425 613 dnpedmd

329 638 408 693 atque
438 631 531 679 lterum
549 631 756 694 conglutinanda.
799 633 858 683 Quo
896 631 969 679 lero.
1002 632 1100 678 Vento:
1117 644 1169 691 (μα
1179 628 1424 691 uqaeutarimmodi·

331 711 418 754 tamen
442 706 589 768 reponenda
610 707 768 769 potissimum
792 708 859 768 loco,
894 705 1068 767 eisfrs'goriliaa
1083 704 1257 752 immutire
1272 718 1359 753 uacuus
1368 720 1425 766 qau-

328 780 515 842 aliquautulum
533 782 629 831 haesito.
665 782 738 829 Binis
755 781 858 845 quidem
894 783 948 829 door
960 781 1016 829 Futi
1024 780 1139 843 potentia,
1147 780 1309 826 nectendam
1319 779 1422 829 iuuenta.

328 855 432 915 possim,
451 863 478 905 et
499 871 572 921 aeque
590 864 698 920 utruque
718 856 858 907 commode.
895 856 1012 905 Culerus.
1045 855 1205 903 Particulam
1219 855 1259 901 sed
1275 853 1422 916 delendam,

328 930 377 977 Vel
391 937 419 979 nt
430 932 467 979 ita
478 931 629 980 ordinentur
641 948 647 979 :
660 946 760 979 recusam
770 932 821 994 ipse
829 948 858 979 uc
894 940 921 979 et
932 933 1047 993 junctim
1066 931 1111 978 illa
1129 930 1166 978 sic
1178 928 1298 990 legenda,
1309 931 1422 979 certissi-

325 1006 392 1052 siuaa
401 1004 495 1070 (ferrum,
508 1008 547 1053 vel
553 1006 632 1066 fumo,
639 1020 735 1067 nomque
743 1018 810 1054 omne
819 1006 857 1066 ig·
893 1022 976 1055 mum:
993 1022 1054 1055 natac
1070 1005 1184 1053 terminus
1194 1004 1330 1052 Britanniee
1339 1010 1423 1067 putet.-

324 1085 404 1127 notum
423 1080 665 1145 promugnificoest‚)
681 1081 707 1127 in
723 1080 783 1128 huuc
793 1082 857 1129 mem
893 1085 957 1131 sallo
968 1083 1022 1142 jam
1032 1082 1178 1139 uterum
1193 1080 1256 1127 sitit
1272 1078 1319 1127 uisi
1329 1081 1422 1142 finctae

325 1154 439 1213 defendit.
474 1156 677 1217 ll'auctermiuaa,
691 1160 732 1217 dc.
765 1157 856 1206 Velut
893 1163 996 1217 Μαῖα,
1015 1163 1040 1205 et
1056 1158 1082 1204 ia
1102 1156 1134 1203 iis
1156 1154 1289 1214 infestiores
1310 1157 1420 1206 Romani.

324 1231 373 1279 ita:
392 1246 493 1281 recensus
511 1233 560 1294 ipse
576 1246 603 1279 uc
613 1232 677 1279 sinus
687 1232 712 1278 in
723 1232 783 1279 lruuc
793 1231 855 1280 diem
892 1234 957 1284 Quin
968 1241 1097 1295 postrema
1108 1230 1207 1293 Lipsius
1215 1229 1252 1277 sic
1264 1230 1420 1280 emendavit.
1481 1262 1488 1269 -

323 1305 438 1364 defendit.
473 1307 555 1355 Fumee
562 1322 661 1369 numque
671 1322 737 1356 omne
747 1308 855 1367 muntem
892 1308 1045 1373 Quanquam
1064 1322 1114 1356 uon
1129 1306 1195 1355 maie
1214 1305 1320 1353 retineri
1333 1307 1419 1369 vulga·

321 1380 553 1444 promugnifieoest.
586 1382 657 1431 Num
673 1382 794 1442 terminet,
811 1384 853 1442 dc.
891 1386 1032 1435 tumetium
1043 1392 1145 1449 potest3
1159 1384 1418 1434 sensumcertet'acit

322 1456 456 1507 Alterutru
474 1464 545 1506 certe
564 1458 653 1507 horum
671 1458 747 1507 modo
765 1458 852 1507 debet.
891 1461 1066 1523 aptissimum:
1085 1462 1162 1510 Ultra
1172 1460 1336 1509 Caledoniam
1346 1461 1418 1509 nulla

323 1534 399 1594 Utro,
417 1548 468 1582 non
480 1533 615 1583 definiam:
633 1535 677 1583 sed
694 1535 720 1581 in
740 1535 851 1597 priorem
889 1536 998 1597 amplius
1010 1552 1082 1599 gens,
1099 1535 1163 1583 nihil
1174 1542 1271 1597 praeter
1281 1531 1375 1582 fluetus
1389 1542 1417 1584 et

322 1608 402 1671 magis
422 1608 550 1657 inclinem.
566 1609 697 1658 Acidaliae.
731 1610 795 1671 Legi
807 1626 849 1660 ve·
888 1624 964 1659 saxa:
983 1612 1009 1661 in
1028 1614 1081 1676 ejus
1099 1610 1264 1660 interioribus
1284 1623 1345 1657 ecee
1365 1610 1415 1657 Ro·

321 1682 448 1744 liru,aiuaa
460 1684 565 1743 fumuit
580 1684 640 1733 lanc
653 1686 715 1733 diem
733 1684 849 1743 defendit.
888 1690 964 1737 mani.
997 1690 1034 1738 Ut
1051 1704 1099 1752 ego
1121 1687 1224 1751 quidem
1243 1693 1342 1735 mutare
1362 1687 1413 1749 hic,

322 1758 356 1806 Et
368 1772 399 1806 ea
416 1760 494 1807 lectio
514 1758 578 1808 facit
597 1759 629 1807 ad
652 1762 764 1809 auctoris
780 1776 849 1810 men·
886 1763 1038 1813 nihiladlmc
1050 1764 1199 1813 sustineam.
1214 1761 1309 1811 deidei.

322 1838 383 1881 tem.
417 1835 512 1883 Forsan
529 1836 607 1884 etiam
626 1849 672 1897 pro
690 1838 756 1884 murra
773 1851 848 1899 repo·
919 1840 1087 1888 Etinteriorea
1105 1836 1219 1899 Romani]
1252 1836 1412 1886 Vett.edtti·

321 1907 605 1959 neudumfueritaitua.
639 1910 675 1958 Ut
694 1911 729 1959 sit
746 1920 848 1961 senteu-
885 1915 1104 1976 ones,isferiorea:
1120 1929 1197 1976 equo
1216 1912 1365 1973 Rhenanus,
1376 1913 1412 1961 in·

320 1987 373 2035 tia:
393 1988 471 2037 Fama
480 1989 618 2037 deretuoto
627 1989 772 2038 caledonia
784 1991 847 2054 nitu,
876 1989 997 2046 festiores.
1030 1988 1242 2053 Egodivisim,et
1257 1987 1411 2047 iuferiora.

318 2062 443 2125 incogniti
453 2064 510 2128 ejus
522 2065 607 2113 aditus
617 2070 644 2113 et
656 2078 781 2127 recessus,
802 2067 846 2115 ad·
883 2066 970 2128 Magia
982 2066 1031 2116 leri
1048 2075 1076 2115 et
1092 2066 1159 2126 dori,
1174 2078 1250 2128 quam
1270 2061 1364 2113 flnctus
1383 2072 1411 2113 et

319 2152 406 2186 versus
417 2141 590 2189 Romanorum
612 2141 767 2204 irruptiones
787 2142 846 2191 hac·
883 2158 953 2195 saxa.
969 2145 1077 2207 Lipsius.

319 2222 393 2261 tenus
404 2229 449 2263 nos
460 2214 610 2264 defendere.
623 2218 779 2267 Buxloraists.
799 2220 845 2267 Ni·
913 2223 1043 2283 Postquam
1053 2216 1309 2278 essetireasteutibus]
1341 2216 1409 2264 Scri·

316 2286 353 2337 hil
365 2289 513 2339 mutandum
533 2292 644 2339 Observ.
655 2291 700 2340 lib.
712 2306 731 2341 r.
749 2307 807 2355 cup.
818 2298 843 2341 t.
882 2294 925 2356 bo,
933 2302 1054 2358 poatqaam
1065 2299 1147 2342 macta
1157 2293 1303 2341 uastantibus
1313 2290 1410 2350 defflm

317 2367 592 2417 montemaureum.
881 2376 960 2431 terrm,
977 2377 1000 2419 et
1017 2386 1081 2419 mure
1098 2374 1241 2418 munstar.
1274 2371 1348 2429 Mox,
1364 2369 1409 2417 auli

273 2443 281 2463 “
351 2442 420 2490 Niltil
430 2443 476 2490 siai
480 2442 672 2505 flactuetsunu
688 2451 711 2493 et
720 2445 845 2494 interiores
881 2446 984 2494 cranium
1003 2460 1057 2507 opes
1078 2448 1146 2507 utque
1165 2443 1277 2507 inopium.
1306 2443 1407 2491 ercua·

316 2518 399 2579 Runa]
433 2520 504 2567 Nihil
520 2522 552 2568 ait
570 2521 733 2581 incommodi,
755 2522 775 2568 ai
787 2522 844 2585 quis
880 2537 935 2573 nus.

315 2601 424 2657 reponat
434 2610 460 2642 eu
470 2595 760 2666 manifestioreaflonmni.
776 2598 844 2645 une·
921 2602 1012 2648 coacte
1033 2600 1180 2648 meantum
1205 2596 1300 2657 defuere
1322 2594 1406 2657 tetra]

315 2684 402 2718 nauus.
435 2671 560 2732 Venetus,
570 2668 702 2727 inferiores.
725 2670 802 2720 Unde
814 2673 842 2721 li·
879 2675 921 2723 Sic
937 2676 1111 2723 Alexandrum
1123 2673 1228 2722 incessit
1243 2672 1342 2720 Seneca
1358 2670 1404 2718 lib.

314 2744 405 2792 beuter
416 2746 559 2806 amplector
577 2744 691 2792 ereuaui
704 2748 841 2795 correctio·
879 2762 929 2798 ru.
946 2751 979 2799 de
991 2751 1049 2798 beu.
1061 2766 1085 2797 c.
1097 2754 1121 2798 2.
1142 2750 1282 2807 Virdaagas.

313 2834 381 2881 nem,
391 2820 539 2879 infestiores:
550 2834 625 2884 quam
636 2827 663 2867 et
673 2820 772 2882 Lipsius
782 2837 841 2884 pro·
910 2826 1018 2886 Auferre,
1036 2827 1163 2884 trucidare,
1178 2837 1260 2884 rupere
1272 2821 1345 2878 fuisit
1363 2837 1405 2869 no·

314 2895 367 2945 bat.
385 2897 497 2945 Pteltenu.
525 2896 727 2944 Emendaveram
740 2898 839 2958 pridem
876 2901 977 2950 minitas
986 2900 1121 2963 imperium]
1144 2901 1227 2947 Recte
1237 2904 1266 2944 ut
1277 2898 1331 2944 ime
1343 2910 1405 2944 con·

312 2970 345 3019 ad
358 2985 427 3021 oram
440 2973 498 3021 libri
515 2972 580 3020 utel:
598 2977 622 3019 et
633 2972 659 3019 is
668 2972 700 3020 iia
715 2972 840 3033 inferiores
874 2984 959 3026 struas
969 2978 1036 3025 vide.
1069 2978 1129 3025 Nou
1138 2975 1206 3022 enim
1216 2974 1252 3020 ita
1259 2972 1403 3035 jungenda,

310 3048 422 3097 Rommsi.
454 3050 506 3099 Sed
529 3050 568 3099 vir
590 3050 682 3098 doctus
705 3064 787 3112 nuper
806 3066 839 3100 ex
867 3049 1306 3111 fabianominilmimperiammpere.
1339 3044 1403 3105 Sed,

311 3124 369 3174 cod.
393 3140 440 3175 suo
469 3125 662 3174 Mirandulauo:
683 3132 706 3173 et
726 3128 788 3174 inter
810 3144 838 3176 ou
874 3125 1194 3188 auferre,mpereuppeilunt
1205 3119 1344 3181 imperium:
1360 3117 1402 3166 ubi

309 3200 421 3249 Romani.
453 3202 536 3249 Quam
551 3201 572 3248 si
593 3214 677 3249 veram
697 3203 718 3249 is
737 3212 836 3265 censet,
872 3202 1021 3251 ualitudinem
1031 3202 1138 3260 faciant,
1147 3212 1243 3260 pacem·
1260 3194 1315 3243 scil.
1328 3194 1402 3253 falsie

309 3288 361 3322 nou
374 3276 448 3323 video
468 3290 515 3323 cur
529 3290 578 3323 non
599 3278 728 3337 vulgarem
748 3282 836 3339 potius
873 3277 1159 3337 utrumquenoniaibaa.
1175 3271 1276 3319 Acidal.

305 3351 445 3400 lectionem
467 3351 660 3413 amplectamur.
699 3352 836 3403 Eumenius
908 3352 954 3398 Uti
963 3350 1111 3397 solitudinem
1120 3346 1226 3406 fociant,
1234 3348 1399 3408 pucemuppel·

307 3424 407 3475 Rhetor
427 3424 531 3474 videtur
558 3424 672 3473 adhunc
691 3426 774 3475 lucum
796 3444 835 3477 re.
871 3426 933 3487 mut]
965 3425 1089 3473 Similiter
1102 3422 1200 3472 Histoe.
1213 3421 1230 3469 l.
1243 3434 1262 3468 r.
1271 3420 1303 3468 de
1313 3421 1400 3471 Galba

307 3500 440 3562 spesisse:
458 3500 547 3548 ‘ultra
558 3500 834 3568 Oceanumvcroquid
872 3502 1028 3550 Othoctt.
1062 3497 1400 3559 Hucpertinetetquerela

305 3582 474 3639 eratproeter
494 3576 673 3625 Britanniam!
704 3579 738 3628 Et
755 3580 832 3629 dein:
871 3578 977 3625 Catonia
998 3575 1066 3639 apud
1091 3574 1246 3623 Sallustium.
1286 3572 1321 3619 'rel
1350 3574 1398 3637 γὰρ

306 3652 397 3700 ‘nulla
409 3651 590 3715 progrediendi
607 3666 683 3701 caum
704 3664 833 3719 superest,
870 3650 1076 3713 doxpddvdnm,
1090 3650 1118 3699 el
1132 3649 1165 3697 ed
1175 3646 1397 3711 apd-(parmidon-

304 3730 354 3779 uisi
366 3728 387 3778 si
405 3727 487 3793 (quod
503 3735 594 3776 natura
606 3726 702 3791 vetuit)
718 3728 781 3780 fines
793 3732 831 3795 ip·
869 3746 907 3777 σιν
917 3728 1030 3792 ἅνθρωποι
1046 3728 1073 3775 det
1081 3728 1125 3775 τοῦ
1136 3725 1173 3774 eal
1188 3727 1303 3773 anetem
1313 3723 1396 3787 αἰσχύ·

304 3806 356 3855 sius
376 3810 523 3869 quaerantur
543 3802 659 3852 (lucani.¹
703 3804 829 3853 Nimirum
867 3810 955 3865 aeetae,
970 3806 1006 3853 ait
1018 3804 1171 3867 Procopius.
1191 3802 1335 3862 Virdmgna.

303 3879 347 3929 isti
358 3880 502 3929 credebant
519 3878 546 3927 in
563 3880 746 3927 contumaciam
760 3882 829 3929 Deo·
899 3883 965 3930 Cur.
976 3886 1016 3929 tl.
1033 3879 1208 3939 Beaafortasa
1217 3892 1269 3939 (μα
1283 3876 1393 3925 intribe-

303 3969 359 4005 rum
370 3954 435 4017 deri,
453 3956 474 4005 si
493 3956 549 4018 quis
566 3954 709 4016 navigando
729 3954 828 4005 Oceani
865 3961 915 4004 taut
926 3960 1007 4017 egerat
1016 3954 1103 4016 mnas]
1119 3952 1266 4015 Lugendum
1273 3958 1393 4013 apparet,

302 4032 424 4081 terminon
435 4037 590 4081 sentiuntur.
624 4030 747 4079 Arrianus
758 4032 827 4081 Geu-
865 4030 923 4079 lona
936 4030 1092 4092 fortunaeque
1109 4030 1135 4077 ia
1152 4027 1268 4075 tridatem
1282 4030 1391 4087 egeram,

302 4108 425 4171 grapluu:
442 4107 474 4155 ri
489 4105 514 4155 tt
529 4105 590 4167 neri
602 4105 657 4155 sols
673 4106 758 4156 τόπους
772 4107 827 4156 τού.
863 4106 1012 4154 isannem
1020 4106 1285 4164 frumentatumque
1296 4101 1347 4162 ipsu
1362 4118 1391 4152 se

300 4198 355 4233 tum
365 4182 430 4233 dedra
441 4182 573 4247 ὑπερβολὰς
587 4182 713 4245 χειμώνων,
729 4182 767 4233 καὶ
783 4182 827 4232 nei·
864 4177 1182 4242 mduuetpetaditae
1189 4176 1391 4225 medicaea

302 4256 758 4325 mnqlmomdwddmrasdw,
775 4258 827 4313 alvu
863 4258 920 4309 lero
943 4260 1007 4311 teter
1033 4272 1061 4306 oc
1088 4253 1236 4305 molstutit‘dt
1258 4256 1391 4306 aum.
