3200 4917
383 401 425 450 rrr
450 401 711 454 rrrrrarornrors
734 399 836 452 narr.
860 401 1132 454 sravrroaurr.
1212 387 1314 456 'rura

209 558 261 621 est
273 559 313 620 ut
333 553 377 618 ab
394 555 486 619 initio
502 553 611 620 Taciti
638 552 775 618 codices
799 554 922 618 suerint
942 553 1028 635 rari3
1052 561 1086 620 et
1109 555 1139 618 si
1159 556 1314 640 primitus

209 677 277 723 uon
286 656 500 735 abundarent,
515 660 549 722 in
563 658 952 741 saeculis'postcrioribus
964 659 1074 723 subito
1084 677 1143 722 eos
1156 659 1315 742 multipli-

211 764 281 827 cari
309 781 377 825 non
401 767 454 825 est
473 760 732 845 expectandum
756 761 934 843 'praecipue
963 779 1038 824 cum
1067 761 1316 852 consideramus

211 884 313 949 quam
327 864 450 927 fervide
462 864 646 928 libertatem
661 864 765 946 spiret
778 864 925 942 Tacitus,
946 864 1080 946 quantis
1096 863 1228 946 probris
1242 883 1313 930 oru-

209 985 286 1032 nem
296 966 480 1049 tyrannidis
494 965 774 1047 speeiemonoret,
793 969 827 1028 et
834 983 968 1042 mores,
981 965 1134 1042 consilia,
1155 967 1312 1046 regimina

209 1069 402 1152 principum
424 1067 580 1148 detegat.¹
638 1065 806 1148 Occupari
831 1067 863 1128 in
886 1063 1031 1130 historiis
1056 1067 1312 1132 transcribendis

212 1189 289 1253 quae
303 1175 370 1233 tam
384 1169 497 1232 vivide
517 1168 713 1250 depingunt,¹
729 1175 798 1234 tum
813 1171 901 1233 serio
913 1169 1093 1251 deplorant,
1110 1174 1176 1232 tarn
1196 1172 1314 1236 acriter

212 1271 500 1353 impugnantipsa
515 1271 595 1335 vitia
621 1273 746 1354 quibus
762 1273 899 1355 imperia
922 1273 1020 1334 istius
1043 1272 1108 1334 tevi
1130 1271 1247 1336 misere
1266 1273 1316 1336 la-

190 1371 384 1450 borabant,
407 1373 468 1436 vix
483 1379 579 1436 esset·
590 1375 771 1458 prudentis.
818 1375 932 1440 Status
957 1373 1045 1437 eninr
1067 1371 1315 1457 Europaeorunr

192 1526 197 1539 .
210 1476 352 1559 politici,
367 1475 439 1537 sive
453 1473 669 1540 Aristarchiae
684 1478 755 1540 sive
772 1474 990 1552 Monarchiae,
1007 1475 1072 1540 lroc
1087 1477 1186 1540 ruodo
1201 1497 1316 1558 regna·

211 1577 351 1640 bantur:
373 1577 481 1659 iisqu‘e
503 1578 717 1655 confirmatis,
749 1597 814 1640 uec
835 1577 971 1642 libertas
994 1578 1140 1660 publica,
1163 1598 1225 1648 nec
1247 1579 1316 1660 pri-

192 1720 197 1730 ·
212 1686 293 1742 vata
306 1679 421 1757 virtus,
431 1683 438 1694 ⁴
450 1700 495 1744 ex
508 1679 621 1745 Taciti
635 1680 820 1763 principiis,
842 1681 877 1742 in
894 1683 966 1742 tuto
988 1698 1062 1742 esse
1086 1686 1200 1763 posset
1211 1701 1221 1760 ;
1244 1679 1316 1744 lta·

191 1815 195 1823 ·
211 1779 300 1857 licis,
316 1779 541 1858 Germanicis,
557 1781 770 1864 Hispanicis,
795 1783 928 1847 cunctis
950 1783 1101 1846 nimirum
1118 1783 1232 1848 liberis
1247 1781 1315 1850 Eu·

212 1882 351 1963 ropaeis,
374 1883 436 1946 etsi
455 1883 504 1946 ab.
517 1902 586 1948 una
599 1883 781 1965 eademque
802 1883 987 1967 propagine
1006 1884 1182 1960 deductis,²
1206 1885 1316 1950 cousi·

190 1983 361 2061 milliare,
390 1985 520 2068 duplici
550 1985 648 2068 quasi
677 1985 766 2050 nodo
792 1985 1013 2062 necessitatis
1042 2004 1160 2067 nempe
1195 1984 1316 2068 Papali

188 2086 412 2150 'auctoritate
442 2087 670 2152 ecclesiastica
689 2091 738 2150 'et
767 2087 943 2170 imperiali,
983 2087 1190 2168 compressis
1244 2083 1317 2153 Me·

213 2185 310 2263 bora,
337 2187 504 2250 fatendum
535 2194 597 2265 est,
627 2188 671 2252 de
700 2191 838 2272 imperio
861 2189 1053 2254 Britannico
1075 2187 1317 2271 praedicarim

213 2287 310 2372 cujus
332 2288 424 2354 laudi
445 2289 509 2353 suit
536 2296 569 2354 et
594 2291 720 2372 gloriae,
747 2291 943 2374 reipublicae
968 2290 1117 2366 formam,
1143 2307 1318 2354 causarum

189 2389 382 2456 -Variarum
401 2391 658 2475 conspiratione,
683 2392 845 2474 attigisse,
869 2393 1012 2474 antiquis
1033 2393 1144 2475 potius
1169 2389 1317 2474 optatam

198 2511 312 2574 ·quam
334 2495 543 2577 sperandam,
560 2495 688 2559 scilicet
698 2495 849 2571 liberam,
865 2500 901 2557 ut
919 2499 1067 2571 vocatur,
1081 2492 1318 2570 monarchiam,

191 2593 273 2658 —ubi
290 2595 382 2676 leges
399 2598 510 2679 potius
536 2616 637 2680 qnam
653 2615 748 2677 reges
770 2598 1031 2677 gubernante,
1056 2601 1094 2659 ut
1117 2589 1319 2675 verba'ipsa
1400 2630 1403 2636 ·

188 2692 327 2759 Taciti
350 2696 393 2760 ad
415 2705 564 2762 nostrum
590 2699 801 2780 propositum
830 2697 1132 2773 accommodemus,
1158 2697 1216 2759 ubi
1241 2701 1318 2760 ‘res

190 2795 295 2861 -olim
323 2795 557 2862 dissociabiles
581 2801 695 2863 mirtae
725 2805 812 2877 sunt,
842 2801 1047 2883 principatus
1077 2805 1111 2863 et
1138 2796 1316 2863 libertas.’³

126 2897 130 2902 ’
190 2937 195 2944 ·
215 2895 325 2962 Nobis
339 2903 450 2963 tamen
463 2901 663 2964 Britannicis
677 2900 787 2964 Taciti
805 2900 959 2964 codicum
973 2901 1112 2984 penuria
1126 2901 1197 2977 furt,
1213 2920 1256 2963 ex
1271 2901 1319 2963 rei

192 2999 431 3062 necessitate:
469 3000 549 3062 dum
574 3003 661 3064 euim
681 3001 789 3064 tontes
804 3021 915 3084 paene
949 3001 1036 3066 aridi
1060 3006 1162 3078 erant,
1187 2999 1319 3065 canales

191 3097 282 3164 ‘huc
295 3098 436 3162 defluere
451 3101 512 3164 vix
524 3107 681 3182 possent:
703 3107 737 3164 et
758 3122 843 3184 quos
866 3103 968 3167 nostri
992 3105 1157 3166 rarissime
1179 3107 1237 3164 aut
1260 3101 1321 3166 vix

192 3227 198 3241 ·
217 3198 351 3283 quidem
376 3200 603 3281 possidebant,
622 3203 737 3267 forsan
759 3223 826 3266 uorr
852 3204 1092 3279 intellexerunt,
1117 3203 1320 3284 itaque'uon

215 3306 336 3367 norunt
349 3303 408 3367 uti.
451 3301 551 3366 Alias
573 3303 663 3366 enim
683 3304 767 3367 iuter
788 3321 923 3379 causas,
947 3323 1007 3367 our
1026 3321 1093 3366 non
1118 3304 1321 3370 abundarent

217 3403 299 3470 talia
320 3405 535 3489 autographa,
559 3405 632 3471 haec
655 3405 761 3470 fuisse
783 3403 925 3483 videtur,
944 3411 976 3472 et
998 3406 1115 3471 forsan
1133 3409 1319 3490 praecipua,

715 3595 825 3647 NOTAE

251 3715 265 3761 l
284 3711 383 3762 flamm
398 3725 483 3765 rernm
494 3719 614 3780 exempla
624 3719 686 3767 eatis
696 3733 749 3768 am-
788 3719 856 3768 libro
877 3719 908 3768 de
927 3720 1044 3770 Moribus
1058 3720 1255 3782 Germanorum,
1266 3719 1321 3783 qnl-

218 3789 263 3853 plu
273 3788 333 3838 vide
355 3789 380 3838 iu
396 3791 473 3839 Notae
484 3791 605 3840 Politicre
617 3793 749 3841 Forstneri
789 3795 836 3843 bur
853 3795 972 3857 historiis,
982 3796 1066 3859 quoad
1079 3794 1149 3856 talia,
1161 3795 1322 3846 interamnis

217 3865 297 3930 (Lug.
308 3865 368 3912 But.
382 3864 465 3926 1652),
475 3872 503 3914 et
515 3867 551 3913 Le
560 3867 634 3914 Sierrr
645 3865 750 3914 Amrlot
789 3871 952 3934 antiquitatis
970 3871 1033 3918 nibil
1045 3877 1126 3916 restat
1136 3870 1217 3931 magis
1233 3869 1322 3932 geuui-

218 3939 252 3989 de
262 3941 288 3990 ln
299 3940 437 4000 Hourraie,
455 3955 499 3988 rur
511 3942 536 3989 lu
547 3941 648 3992 Marsis
659 3942 692 3991 de
704 3941 750 3990 Ta·
790 3958 852 3992 uurn
863 3954 907 3996 aut
918 3935 1066 4006 pretiosum.

218 4017 282 4068 cire,
823 4023 838 4067 d
863 4020 902 4068 De
930 4021 986 4068 Vite
1008 4021 1135 4081 Agricola.
1165 4037 1222 4086 cap.
1244 4028 1268 4073 d.
1293 4029 1321 4075 et

250 4098 267 4143 2
288 4094 375 4144 Multa
396 4093 429 4142 de
451 4093 489 4141 lrir
511 4093 586 4142 rebus
603 4093 749 4157 colligenda
790 4094 1007 4158 nnarrrrrbr,brrpl
1016 4095 1149 4158 Βασιλείας,
1172 4099 1322 4163 interOpe·

220 4167 298 4218 unte
309 4169 420 4218 &raris
430 4170 499 4219 Bell.
508 4170 577 4220 Gall.
585 4176 612 4218 et
619 4171 749 4235 precipue
790 4185 820 4219 ra
837 4171 962 4236 Platonis,
979 4171 1320 4240 edit.Fieini,1.ugd.ruoo.

188 4267 192 4276 ·
221 4258 256 4297 ex
271 4245 360 4300 Taciti
379 4248 461 4300 metri
479 4248 542 4304 Vita
560 4247 702 4314 Agricolq
720 4255 749 4299 et
789 4261 817 4312 p.
829 4249 887 4300 rou.
