3200 4917
584 398 819 452 numerose.
838 383 884 451 45
934 402 940 411 ·
1202 380 1310 461 4419,-

189 544 324 601 uentrem
344 548 369 598 ln
391 546 496 599 exilium
514 546 588 601 sc'tus
600 546 720 611 fult,'rlr,
758 556 809 611 tas,
828 548 937 599 alterurn
955 548 1048 613 cruda,
1067 542 1177 599 alteram
1193 549 1291 614 cupite,

189 629 257 673 teste
268 624 353 674 Plinio
367 626 478 689 Nepote,
490 627 586 690 grsris,
597 626 720 713 pmdens3
757 627 784 675 in
805 642 881 677 unsm
900 628 983 689 bum,
998 628 1070 688 ebus,
1086 626 1221 676 cosluisse.
1255 628 1291 677 Et
1365 672 1372 679 .

189 700 277 749 multis
298 702 481 765 experimentis
500 702 626 764 eruditus,
637 706 719 765 etqui
757 702 859 753 scribo:
878 702 930 753 Nos
947 704 1054 753 Marici
1072 702 1211 767 Rusticique
1229 702 1292 753 stot-

188 772 278 825 sutura
286 784 412 840 possetex
422 778 563 841 praeteritis
572 776 719 841 providere.
757 792 892 827 necessus.
911 779 1014 829 Acidal.

188 850 282 901 Frater
293 852 369 916 hujus
381 852 444 904 lun.
463 852 592 901 Arulenus
601 853 720 901 Rusticus
793 854 878 903 Videri
887 858 911 903 et
923 854 1009 918 aspin]
1040 855 1182 905 Inrennsta
1194 854 1292 919 repeti·

191 926 326 976 demontus
361 928 456 991 cupitis
488 927 536 975 sub
564 926 722 987 Domitiano,
759 927 1190 994 tto,uecnonrnelnstao,ueuun
1199 932 1291 982 Tacito

190 1000 260 1063 qnod
287 1000 473 1065 philosophiam
503 1005 658 1061 sectaretur,
694 1003 723 1049 et
760 1000 848 1065 digna.
882 1003 1013 1054 (lerneus
1045 1007 1126 1070 igitur
1160 1009 1292 1071 scripture

191 1076 261 1141 qurod
288 1076 390 1125 Paetum
418 1076 557 1124 Thraseam
582 1074 721 1124 laudasset.
758 1076 865 1128 iuerat:
892 1079 973 1128 cidere
994 1086 1018 1129 et
1036 1083 1119 1145 aspici.
1152 1083 1214 1132 Nou
1232 1090 1292 1132 erat

190 1150 313 1201 Meminit
331 1150 388 1213 ejus
398 1150 496 1199 Plinius
507 1151 584 1214 epist.
605 1149 650 1199 lib.
662 1164 682 1200 ι.
695 1156 720 1199 b.
759 1152 808 1203 sub
819 1154 979 1218 Domitiano,
990 1158 1039 1207 dte.
1049 1156 1065 1185 ⁶
1082 1158 1161 1207 Celer.

191 1226 297 1277 Sueten.
331 1226 407 1276 Dum.
434 1226 597 1276 ‘interemit
615 1225 720 1276 lunium
792 1230 1010 1299 Mentanour]
1041 1232 1057 1261 ⁶
1070 1234 1138 1284 Vide
1155 1233 1292 1298 annciuus

191 1302 334 1365 Rusticum,
352 1302 419 1367 quod
447 1302 514 1353 Pell
538 1302 660 1353 Thraseae
688 1308 717 1353 et
759 1304 872 1357 Puratit.
883 1308 909 1356 iu
922 1308 959 1359 D.
970 1309 1003 1358 de
1021 1323 1108 1359 accus.
1124 1312 1152 1359 et
1171 1310 1291 1373 rescript.

191 1376 307 1427 Helvidii
327 1378 412 1429 Prisci
430 1378 520 1429 leudes
530 1378 665 1439 edidisset,
675 1392 721 1441 ap·
759 1380 774 1409 ⁹
786 1380 865 1431 Plurs
878 1383 910 1432 de
920 1382 1144 1447 subscriptoribus
1155 1383 1292 1448 ridespud

191 1454 354 1519 pelluntque
374 1468 418 1504 eos
441 1454 616 1505 sanctissimos
633 1452 720 1503 viros!
760 1454 951 1507 Hotomanunm
963 1458 1061 1508 comm.
1077 1459 1104 1507 ln
1123 1448 1213 1509 Divi'n.
1245 1460 1290 1511 De

193 1528 328 1579 nunnus.
362 1530 496 1580 blsuricns
515 1532 601 1595 pulsus
612 1529 637 1578 iu
648 1528 722 1578 exili·
758 1532 956 1599 subscriptione
972 1536 1099 1587 Brissonii
1120 1536 1248 1601 Lexicon,
1262 1544 1291 1588 ct

193 1618 236 1653 nm
263 1619 279 1654 a
298 1605 459 1669 Domitiano,
480 1614 616 1657 revocatus
634 1612 663 1655 ct
684 1618 722 1653 re·
760 1606 876 1671 lipsium
892 1623 935 1661 ιιι.
946 1614 990 1661 eu.
1010 1611 1043 1662 de
1058 1610 1153 1662 lienes.
1173 1614 1290 1663 Seuecre.

192 1678 298 1729 stitutus
320 1680 367 1730 snb
387 1682 485 1731 Nerva.
502 1682 570 1731 Plin.
590 1680 667 1745 epist.
684 1694 722 1729 ιν.
764 1680 908 1746 Virdssgss.
942 1686 1038 1750 Qusre,
1053 1687 1157 1751 suspirio
1167 1686 1292 1738 subscrib.

191 1760 233 1807 Ἠ.
253 1756 375 1807 Smilllss.
407 1758 543 1823 Legendus
554 1758 595 1807 bic
606 1759 678 1807 locus
690 1772 722 1806 rx
760 1758 842 1809 Moris
852 1760 920 1811 euim
931 1770 989 1813 erut
1000 1769 1030 1811 ut
1043 1771 1181 1813 accusator
1191 1770 1219 1813 et
1230 1778 1291 1815 cum

192 1848 215 1884 ν.
229 1848 253 1884 c.
272 1834 323 1884 Nos
345 1836 500 1899 Meurisium,
510 1835 723 1898 Rusticunqueds'-
760 1836 845 1885 eonlii
862 1836 1035 1889 iuscrlberent
1052 1846 1081 1890 et
1096 1839 1292 1889 subscriberent

191 1909 296 1959 sirim
312 1910 430 1961 Ursinus.
446 1911 538 1973 idest,
546 1912 607 1961 dum
618 1912 636 1959 il
648 1910 722 1960 nobis
759 1924 852 1961 nomen
869 1914 998 1979 capitibus
1016 1916 1194 1966 accusationis.
1226 1918 1291 1979 Ejus

192 1985 250 2048 rapi
262 1984 295 2034 ad
312 1986 467 2050 supplicium
476 1986 627 2036 riderentur
640 2004 646 2036 ι
663 1986 722 2036 ‘Ut
759 1984 896 2048 imaginem
914 1995 1088 2051 representat
1099 1992 1198 2039 senem
1213 1990 1240 2039 iu
1256 1990 1291 2039 Α·

194 2062 276 2111 colsus
288 2060 376 2112 ridere
386 2068 465 2125 rates,
486 2068 564 2127 atque
583 2062 650 2111 iuter
661 2076 723 2126 opa·
760 2062 1045 2125 pocolocyntosi,&c.’
1062 2064 1188 2114 Busirem.

194 2137 468 2199 mundissimum,
490 2138 724 2187 cttscitisincum·
795 2134 1102 2204 Rstcrmqsosensrru]
1130 2141 1291 2193 funticulum

194 2212 258 2262 berc
270 2212 357 2276 neruis,
377 2209 540 2263 Horrescunt
555 2214 610 2263 risu
619 2212 724 2264 subito!
761 2222 898 2275 superesse
916 2220 988 2277 puto,
998 2222 1026 2264 et
1040 2217 1108 2279 lego,
1118 2218 1189 2267 rabor
1198 2232 1242 2280 ouo
1255 2232 1290 2267 se.

194 2288 226 2337 Tb
234 2288 342 2353 persedit
349 2288 462 2339 oratorie
472 2290 582 2354 quidem,
589 2290 635 2340 sed
644 2291 723 2341 etium
761 2286 846 2336 Porro
856 2288 889 2337 de
904 2289 954 2341 boc
964 2292 1109 2341 Domitiani
1123 2292 1209 2343 fallaci
1218 2294 1290 2343 babi-

194 2366 228 2415 de
239 2366 284 2416 illo
302 2366 432 2429 dicuutur,
445 2365 488 2431 qui
503 2366 602 2417 cedem
614 2366 724 2429 propriis
761 2368 798 2426 ur,
805 2364 906 2414 Plinius
918 2368 943 2415 in
953 2368 1182 2433 Panegyrico,&c.
1191 2368 1206 2396 ⁶
1223 2370 1290 2433 lips.

194 2443 274 2491 oculis
293 2456 344 2492 non
367 2443 511 2506 conspexit.
544 2442 631 2492 Valer.
651 2444 722 2492 Max.
792 2440 932 2491 Sancite
949 2446 1070 2505 cultum
1086 2442 1168 2506 ruber]
1200 2442 1290 2493 Sidou.

193 2517 258 2565 ‘lilii
270 2530 359 2581 cruore
371 2518 473 2581 paterni
484 2519 580 2583 aspersi
591 2518 677 2568 ocull!
695 2518 722 2569 Is
760 2516 778 2565 l.
801 2528 821 2565 r.
838 2517 915 2580 epist.
939 2522 979 2567 ll.
1002 2516 1111 2567 formam
1137 2518 1291 2568 'llreodorici

194 2591 263 2641 enirn
271 2594 309 2641 M.
321 2592 429 2643 Crassos
440 2599 490 2657 est,
498 2607 585 2643 coram
595 2606 646 2657 quo
654 2592 723 2643 tilius
761 2590 903 2641 Gothorum
913 2591 990 2654 Regis
1001 2593 1155 2655 describens,
1163 2594 1212 2641 sit:
1223 2594 1291 2642 ‘lac-

197 2684 212 2719 n
230 2668 334 2717 Parthis
350 2667 502 2719 interfectus
513 2682 563 2718 nou
578 2668 638 2719 fuit.
671 2668 723 2717 Vc·
760 2672 804 2716 tea
816 2668 891 2729 cutis,
901 2682 959 2731 qun
971 2667 1077 2731 propius
1090 2667 1210 2731 inspecta
1216 2668 1293 2731 juve·

196 2756 252 2791 rum
272 2744 315 2808 qui
342 2743 428 2808 potuit
449 2744 581 2793 Mauricus
599 2745 724 2807 sangurine
760 2740 806 2790 vili
818 2742 911 2791 rubore
919 2739 1090 2791 suffunditur:
1104 2756 1214 2808 numque
1223 2742 1291 2793 bruno

195 2826 327 2869 senatores
346 2834 493 2885 aspergere,
503 2820 525 2869 si
541 2820 617 2884 jussu
633 2820 724 2871 Domi·
761 2817 799 2867 ilii
808 2819 903 2867 crebro
914 2820 1036 2877 colorem,
1046 2832 1097 2867 nou
1107 2818 1153 2881 irs,
1163 2817 1207 2866 sed
1219 2832 1292 2867 rere·

196 2895 260 2945 tianl
271 2896 374 2946 minime
383 2896 482 2947 oaesus?
498 2896 567 2946 Plin.
576 2910 617 2960 ep.
629 2910 673 2947 ιιι.
684 2900 723 2946 ll.
760 2894 856 2943 cundis
866 2892 948 2944 iacit?
963 2894 1077 2944 Ptolem.

196 2972 204 3001 ‘
218 2974 283 3023 Cum
294 2983 393 3038 septem
405 2974 495 3023 amicis
513 2974 577 3022 meis
597 2980 642 3023 sut
656 2974 723 3023 occi·
794 2970 915 3034 Tanquam
931 2970 1052 3035 proririis'
1067 2970 1173 3033 portione
1183 2970 1292 3020 innocen·

196 3048 240 3111 nis,
251 3056 296 3098 aut
314 3050 451 3112 relegetis:
470 3049 561 3099 occisis
571 3050 723 3111 Senecione,
761 3046 822 3095 stan
838 3048 942 3109 principi
957 3046 1067 3109 donares]
1099 3046 1130 3095 id
1158 3054 1207 3107 est,
1227 3048 1293 3095 'l'an-

197 3124 317 3185 Rustico,
333 3124 475 3173 Helvidio:
492 3125 614 3187 relegeris
628 3125 727 3173 Mouri-
762 3136 839 3187 quam
852 3136 899 3184 pro
916 3130 963 3170 tna
979 3128 1055 3183 purte
1067 3121 1210 3184 principem
1222 3121 1293 3170 inno·

197 3198 245 3250 co!
262 3197 302 3247 rin
316 3198 386 3261 quod
397 3198 502 3247 exilium
511 3198 553 3262 (ut
564 3198 632 3261 spud
644 3200 726 3250 letos
763 3204 867 3247 centem
878 3197 1069 3258 pronunciares.
1086 3193 1200 3244 Pelen.
1225 3196 1293 3245 Cou-

196 3278 233 3327 D.
246 3274 279 3325 de
293 3290 359 3339 paen.
373 3274 391 3322 1.
403 3271 448 3337 n.)
466 3286 514 3336 pro
530 3276 615 3322 morte
635 3274 727 3321 baben·
764 3270 862 3321 stantis
890 3278 933 3318 tua
960 3270 986 3318 in
1013 3270 1166 3335 excipienda
1199 3279 1293 3335 morte,

197 3356 257 3405 tur?
289 3352 425 3403 Sallustius
435 3350 540 3415 quidem
552 3350 584 3399 de
596 3366 626 3400 ea
643 3364 672 3399 re
691 3352 727 3400 lo·
763 3348 924 3411 quantumin
937 3345 1035 3411 lctirit,
1055 3350 1220 3398 innocentem
1236 3364 1293 3399 esse

197 3444 288 3495 quens,
314 3429 395 3479 utitur
422 3426 503 3475 verlso
537 3426 724 3489 extinguendi:
762 3426 922 3491 Principem,
938 3442 953 3475 a
972 3442 1134 3491 qnorencno
1156 3444 1292 3479 excessum

196 3504 312 3553 ‘multos
330 3502 449 3552 mortales
460 3499 530 3551 ferro
542 3509 587 3550 aut
603 3498 665 3565 luga
681 3517 726 3550 ex·
764 3510 836 3553 tuum
847 3503 996 3555 festinatum
1014 3505 1211 3554 cunstnnsfarns
1228 3513 1293 3567 crat,

198 3578 293 3632 unxit!
337 3578 400 3627 Diui
420 3577 566 3627 Mauricum
586 3578 663 3626 esitio
681 3578 725 3626 de·
763 3580 922 3643 persuadere
932 3588 1038 3629 conatus
1050 3596 1087 3629 es.
1118 3581 1211 3644 Neque
1223 3581 1292 3630 euim

198 3656 315 3708 territum
331 3654 445 3719 epatris
462 3654 556 3703 fnisse:
575 3654 726 3704 dissuadent
763 3654 886 3719 querulus
897 3652 977 3704 latum
987 3655 1123 3721 excepisti,
1134 3664 1162 3703 ut
1175 3655 1293 3719 plerique

196 3736 241 3786 llla
263 3733 398 3783 Pliniana:
415 3730 568 3794 ‘Reiegatis
592 3730 727 3793 Maurico,'
763 3746 821 3781 cum
833 3730 865 3781 sb
875 3730 930 3780 aliis
942 3742 1106 3793 procuratum
1126 3738 1167 3780 est
1182 3738 1228 3781 sut
1239 3730 1292 3781 vio-

198 3810 294 3874 scopes.
327 3808 369 3857 lbi
380 3806 479 3857 Plinius
490 3808 612 3870 relegetis,
629 3813 658 3856 ut
673 3808 693 3855 Ι.
704 3820 725 3857 1.
762 3808 869 3856 lentum.
886 3806 1009 3855 Borbors.

198 3898 241 3949 ep.
253 3891 278 3935 5.
295 3882 404 3932 ‘istunc
416 3882 443 3931 in
453 3880 532 3931 exilio
543 3889 600 3931 erat
611 3896 626 3932 a
637 3882 726 3931 Domi·
795 3881 842 3931 Sed
858 3880 918 3930 sciti
926 3881 1028 3947 μὴν
1046 3878 1106 3941 ῥυ]
1129 3881 1295 3948 scripsimus,

198 3962 269 4011 lieno
284 3957 432 4023 relegatus!
456 3957 560 4008 Sulisen
592 3957 726 4021 Scriptura
755 3958 864 4022 filiaque
883 3957 949 4017 eius:
976 3971 1036 4006 nam
1063 3956 1185 4020 Agricola
1211 3957 1293 4008 filium

196 4036 275 4087 etism
298 4035 368 4099 apud
388 4034 489 4097 me,ntl
511 4034 579 4099 apud
601 4033 726 4113 Lipsium,
763 4033 866 4097 pridem
887 4033 1017 4083 amiserat.
1049 4034 1085 4083 Et
1103 4033 1292 4100 sequitur,‘id

198 4112 259 4162 fidei
277 4109 362 4161 duxm.
395 4110 453 4171 ilie,
465 4112 528 4161 nibli
539 4112 727 4163 videremeiius
763 4108 824 4159 filice
842 4120 945 4174 quoque
963 4108 1088 4173 uxorique
1104 4110 1294 4175 preceperimss

198 4186 311 4239 letetur:
336 4202 384 4251 ego
401 4187 489 4237 sidere
506 4188 567 4237 milri
585 4188 654 4238 visus
670 4203 725 4239 sum
764 4184 873 4237 itm
897 4184 929 4235 In
939 4184 1050 4246 Veneto,
1059 4193 1087 4235 et
1098 4180 1299 4237 aliisre'teribns

199 4264 306 4331 aliquid.
339 4264 441 4316 &nun
451 4262 524 4316 binus
535 4278 612 4315 voces
624 4270 727 4315 trnucs·
764 4268 887 4329 eorrupte
898 4262 1006 4327 legitur:
1022 4262 1292 4329 desumeretur.
