3200 4917
302 372 389 439 tono
638 378 687 437 ἰ.
711 386 825 439 nrrsu
850 380 1051 439 exeussus

301 526 354 581 Sed
366 527 427 595 qnid
445 502 548 578 alludo?
576 541 618 578 res
637 526 674 577 sic
692 528 825 579 sehabet.
859 526 938 577 Aliud
958 528 1076 578 illusere
1094 526 1235 593 venerius,
1248 518 1324 579 aliud
1341 510 1408 581 deni

302 624 381 661 asses.
413 607 467 658 Per
477 608 548 659 bella
566 608 689 659 videlieet
706 610 792 659 civilia
811 608 852 676 (et
872 606 995 659 sentimus
1012 608 1091 658 etiam
1109 607 1191 672 nane)
1211 609 1331 659 cretensi
1346 605 1405 660 suri

302 688 416 755 pretinm
427 696 455 739 et
467 690 577 753 argenti.
616 689 708 755 ltaque
727 689 858 739 Denarins
868 702 926 738 xer.
945 689 1029 752 primo
1043 688 1149 753 assibus,
1168 688 1209 754 (et
1228 704 1275 754 pro
1294 689 1406 755 ratione,

303 768 439 821 sestertius
450 768 513 819 item
526 768 622 819 assibus
633 777 764 834 quattuor,
773 770 843 835 quod
855 785 887 818 ex
898 768 1027 819 Muciano
1037 777 1064 818 et
1074 769 1192 819 Vitruvio
1203 769 1287 835 diseo)
1299 770 1403 819 taudem

304 848 427 898 aestimari
438 862 491 899 ιιι.
502 849 599 913 coepit;
623 850 648 899 lu
660 864 742 915 eoque
754 852 838 911 stetit,
849 850 959 914 Augusti
971 857 999 899 et
1009 851 1170 914 sequentinm
1189 851 1288 915 aliquot
1303 846 1405 899 Princi-

303 945 364 995 pum
384 944 449 980 aevo.
490 930 549 981 Quo
566 930 736 993 argumento?
761 930 838 979 Claro
855 930 995 995 quideme
1013 931 1071 980 loeo
1089 929 1216 991 Suetonii,
1232 936 1261 980 ut
1278 946 1325 981 nos
1343 942 1404 979 enm

303 1009 495 1059 emendavimus
515 1008 655 1058 orchestra:
672 1024 723 1058 non
740 1008 820 1059 dubio
838 1024 976 1071 consensu,
994 1010 1020 1057 in
1037 1010 1138 1062 Domit.
1158 1026 1216 1074 esp.
1227 1014 1252 1060 7.
1293 1011 1334 1059 Ex
1352 1022 1405 1075 qno

303 1090 410 1154 clarum,
421 1104 526 1141 sursum
538 1090 646 1139 Romani
656 1090 745 1137 militis
765 1088 921 1152 stipendium
940 1088 1019 1138 fuisse
1031 1089 1057 1137 in
1069 1104 1177 1139 menses.
1212 1090 1249 1139 At
1261 1092 1282 1139 si
1293 1104 1403 1140 aurens:

303 1184 365 1234 ergo
377 1184 426 1220 non
438 1170 495 1235 plus
507 1182 575 1220 xxv.
589 1168 711 1218 denariis.
744 1166 795 1217 Abi
813 1183 881 1217 nune
902 1169 934 1217 ad
953 1169 1132 1232 nieusulsrius,
1144 1176 1171 1217 et
1186 1170 1267 1219 reduc
1278 1170 1360 1220 denos
1377 1170 1405 1219 ln

303 1249 372 1301 diem
383 1264 453 1301 asses
472 1248 522 1315 (ita
541 1255 571 1297 ut
587 1246 682 1297 mensis
699 1247 754 1297 dies
772 1248 869 1298 lrabeat
889 1247 1009 1311 triginta)
1029 1248 1062 1297 ad
1079 1248 1200 1298 denarios
1213 1262 1279 1299 xxv.
1291 1247 1407 1313 reperies

302 1330 447 1381 Denariuur
459 1329 543 1397 ipsum
554 1328 702 1393 planissime
713 1330 823 1378 valuisse
835 1329 972 1378 duodecim
983 1344 1061 1379 asmo.
1094 1330 1165 1381 Quid
1183 1344 1246 1393 ergo
1264 1328 1407 1394 mlrsrls,si

302 1410 397 1459 milites
408 1424 456 1475 pro
468 1410 541 1459 denis
553 1408 653 1459 assibus
664 1410 797 1459 denarium
810 1415 918 1474 petant:
944 1416 973 1459 nt
992 1410 1104 1475 quinque
1123 1409 1226 1458 scilieet
1243 1407 1362 1459 denarios
1378 1409 1406 1458 in

303 1502 417 1538 nienssrn
429 1486 526 1538 iaciant
537 1490 621 1538 lucri?
636 1488 674 1538 At
686 1490 782 1539 aeriter
793 1491 820 1538 iu
832 1491 897 1539 hune
907 1490 1064 1539 sententiam
1077 1496 1175 1554 pugnat
1185 1490 1254 1539 Plio.
1265 1500 1369 1539 xxxin.
1379 1490 1406 1537 t.

304 1568 348 1632 qui
369 1568 406 1616 ait
423 1567 449 1616 in
466 1568 571 1617 militari
589 1568 720 1633 stipendio
739 1584 841 1632 semper
861 1569 994 1618 denarium
1013 1584 1059 1633 pro
1079 1570 1170 1619 decem
1187 1566 1286 1618 assibus
1305 1567 1406 1617 datum.

304 1646 418 1711 Pugnet,
434 1661 482 1709 ego
502 1662 559 1697 eum
581 1652 633 1697 tam
656 1648 819 1713 tranquillum
837 1648 952 1711 reddum,
963 1663 1039 1713 quan:
1050 1647 1142 1699 sleedo
1152 1648 1213 1698 olim
1225 1662 1304 1697 mare.
1336 1646 1408 1697 Nam

305 1727 404 1777 Plinius
420 1728 523 1793 quidem
540 1729 618 1791 plane
637 1743 652 1776 a
670 1744 711 1779 sne
729 1734 779 1779 est.
812 1728 964 1793 Es‚inquit‚
980 1728 1105 1779 severitas
1125 1728 1268 1791 discipliuae
1286 1724 1407 1776 militaris

305 1806 365 1867 l'uit,
375 1813 404 1855 ut
415 1822 568 1873 quemqnam
581 1806 680 1856 denarii
693 1808 778 1871 pretio
789 1808 883 1871 sepius
894 1813 980 1870 arieto,
993 1807 1066 1857 miles
1082 1813 1169 1856 tamen
1184 1806 1248 1854 nilril
1263 1805 1325 1854 inde
1337 1818 1407 1855 eorn-

303 1886 373 1936 modi
384 1887 511 1947 senserit;
535 1886 580 1936 sed
592 1886 701 1950 proinde
719 1886 756 1936 illi
768 1886 794 1935 in
807 1887 964 1951 stipendium
975 1886 1095 1936 &narius
1115 1887 1280 1951 processerit,
1296 1885 1368 1950 qussi
1383 1883 1407 1934 sl

305 1972 374 2016 esset
386 1973 486 2017 tanturn
498 1966 591 2017 essinur
603 1967 707 2017 denum.
742 1968 781 2017 Ea
800 1968 881 2017 Plinii
899 1982 988 2018 mens:
1014 1974 1059 2017 ant
1077 1966 1099 2016 sl
1118 1968 1176 2027 stis,
1195 1967 1228 2015 de
1246 1964 1331 2031 prisea
1348 1978 1405 2028 rep.

305 2048 394 2111 sensit,
405 2061 456 2098 non
476 2047 509 2097 de
527 2048 575 2097 lise
587 2046 739 2111 Augustam.
772 2046 862 2097 simile
873 2061 975 2111 prorsus
986 2055 1047 2097 ante
1059 2060 1139 2096 annos
1152 2060 1248 2110 pancos
1258 2044 1368 2094 vidimus
1379 2044 1408 2093 in

303 2128 377 2191 urbe,
396 2128 496 2179 urbium
508 2129 600 2178 ocello.
633 2128 745 2193 Hispani
760 2129 850 2179 militis
861 2130 887 2177 in
899 2128 1029 2194 petulanti
1045 2128 1092 2177 ills
1108 2126 1235 2177 seditione
1247 2125 1407 2190 praecipuum

305 2208 463 2271 postulatum
474 2205 535 2267 snit,
546 2214 577 2256 ut
585 2206 684 2257 Aureus
694 2209 721 2257 in
734 2210 845 2259 solutum
857 2209 989 2272 acciperet
999 2208 1085 2273 prisea
1096 2206 1279 2267 estimatione,
1294 2219 1348 2253 non
1356 2204 1408 2253 lrae

304 2286 396 2351 grandi
409 2302 468 2352 quae
481 2285 625 2336 obtinebat.
659 2288 717 2337 Nee
726 2288 892 2353 impetrarit:
909 2287 1025 2354 fecitque
1036 2289 1102 2339 lnerl
1114 2288 1140 2336 iu
1149 2288 1205 2336 suri
1216 2287 1300 2350 pretio
1310 2283 1406 2334 tiseos:

305 2364 373 2431 qnod
385 2366 445 2416 olim
456 2366 483 2414 ln
495 2365 595 2429 argenti
606 2378 674 2429 resp.
686 2366 811 2417 Romans.
843 2368 927 2416 Porro
938 2367 1007 2430 quod
1026 2367 1059 2417 sd
1076 2366 1180 2417 modum
1197 2367 1266 2415 hune
1283 2362 1408 2429 stipendii

305 2446 418 2495 attinet:
445 2444 511 2494 seire
529 2446 592 2495 licet
603 2446 722 2495 eumdem
735 2430 1012 2511 propeuuluunnse
1022 2446 1131 2499 Grecis.
1164 2442 1405 2515 Dasleusneuimin

304 2538 407 2574 menses
427 2523 607 2588 accipiebant:
633 2525 659 2574 id
671 2532 723 2589 est,
740 2539 788 2577 xx.
800 2526 951 2577 drachmas:
976 2527 1002 2575 iu
1014 2525 1182 2589 expeditione
1194 2524 1267 2587 Cyri,
1277 2522 1408 2588 sesquids»

305 2607 387 2655 noum
397 2610 574 2666 extorserunt,
586 2612 687 2655 tantum
698 2619 749 2655 non
759 2620 809 2670 per
817 2605 980 2656 seditionem.
1013 2605 1168 2669 Xenophon,
1175 2604 1194 2653 1.
1208 2617 1229 2652 ι.
1244 2600 1301 2665 nspl
1316 2599 1407 2659 baad·

305 2698 364 2733 oeus
375 2683 459 2748 Κύρου.
491 2684 520 2733 ‘0
537 2686 612 2749 Κῦροι
628 2686 775 2749 ὑπισχνιῖται
785 2685 891 2748 ἡμιόλιον
901 2688 960 2735 πᾶσι
979 2682 1062 2735 *ess
1078 2680 1106 2733 ol
1120 2681 1233 2749 uphem:
1248 2681 1342 2745 ἔφφον,
1352 2680 1406 2731 ὄπι

305 2766 419 2829 δαρεικοῦ,
428 2764 482 2827 rple
491 2763 626 2829 sinoddpeme
635 2768 679 2815 rosi
693 2766 766 2829 μηνὸς
775 2769 810 2829 τῷ
820 2767 969 2832 στρατιύιῃι
995 2767 1074 2831 Cyrus
1090 2764 1212 2829 promittit
1230 2762 1408 2827 meltum

304 2843 418 2906 stipendii
427 2880 429 2885 .
435 2844 523 2908 prioris
533 2850 557 2893 et
566 2847 654 2909 recepti
665 2862 690 2896 se
698 2848 826 2897 dunum:
846 2848 883 2896 ito
893 2852 920 2895 st
933 2859 978 2910 pro
988 2844 1080 2895 Dorico
1090 2845 1117 2893 is
1126 2856 1236 2905 mss,
1244 2838 1410 2905 maium

303 2936 357 2971 cess
374 2925 506 2988 annuus
524 2926 624 2987 singuli.
667 2926 702 2977 Et
723 2926 813 2976 similis
835 2926 869 2978 sle
889 2926 988 2977 Darico
1009 2929 1142 2974 menstruo
1161 2924 1243 2985 loeas,
1264 2932 1314 2974 vas.
1332 2919 1414 2970 libro.

305 3002 401 3055 Melior
411 3017 475 3070 ergo
486 3005 601 3057 conditio
612 3006 703 3059 militis
714 3006 833 3059 Romam.

840 3200 876 3253 G.

339 3322 406 3372 Cle.
417 3326 457 3373 17.
490 3324 630 3374 Suetonius
648 3324 674 3375 id
691 3340 794 3391 quoque
812 3327 845 3375 sl:
862 3327 1050 3390 Augustusne
1061 3322 1186 3381 ostendit,
1201 3320 1249 3371 sesl
1266 3318 1410 3384 moin,

307 3415 364 3464 esp.
375 3406 417 3452 49.
434 3404 442 3431 ‘
455 3402 585 3467 Quicquid
597 3402 691 3469 ubique
710 3405 821 3455 militum
832 3410 912 3467 esset,
923 3405 956 3455 ad
975 3409 1075 3453 certam
1094 3400 1281 3465 stipendiorum
1292 3402 1411 3464 prunis-

306 3494 414 3546 :nmque
431 3481 567 3533 formalem
587 3484 725 3534 ustriusit:
750 3484 874 3547 delinitis,
885 3499 934 3549 pro
952 3484 1031 3546 gnon
1050 3483 1187 3547 cujusque,
1204 3488 1233 3531 et
1251 3482 1410 3545 temporina

305 3558 416 3625 militie,
426 3564 604 3613 eteornmodls
614 3564 781 3615 missionum:
808 3580 841 3615 ue
852 3572 897 3614 snt
917 3571 998 3613 etate
1014 3570 1059 3613 eut
1077 3562 1165 3627 inopis
1184 3569 1245 3625 post
1261 3562 1410 3613 missionem

305 3639 429 3691 solicitas-i
449 3642 481 3691 ad
500 3656 540 3691 res
557 3643 770 3707 novusposseut!
803 3642 1262 3705 Nameomruodsmissionusn,lrsue
1274 3642 1410 3705 pecualem

306 3721 420 3784 aceepit.
454 3724 505 3772 Sed
517 3723 655 3773 clarissime
665 3723 726 3785 Dio,
737 3724 754 3772 l.
766 3736 809 3771 nv.
820 3736 920 3773 namma
930 3723 1008 3772 etism
1019 3722 1121 3787 premii
1130 3735 1270 3787 expressa:
1291 3722 1409 3770 xenos&

299 3798 1009 3869 'uolenssvpermenptsslsrbtenmsmums
1025 3803 1064 3853 tut
1079 3800 1271 3864 ron-natm:
1284 3798 1410 3850 murem

298 3880 465 3942 omens
482 3886 535 3946 or
550 3886 636 3944 um
651 3884 814 3945 eamne
830 3886 980 3947 moe·
996 3887 1041 3933 ve
1057 3883 1203 3946 meso·-
1222 3884 1267 3940 vn
1284 3878 1410 3945 nm

306 3961 375 4024 σφίιπ
389 3962 476 4027 χρόνον
495 3964 560 4015 dene
578 3968 664 4023 λαβεῖν
674 3965 806 4030 θέλοντος,
822 3967 948 4029 ἐψηφίσθη,
956 3967 1007 4015 sois
1018 3962 1063 4026 μὲν
1072 3964 1100 4013 (ιι
1108 3965 1153 4013 τοῦ
1161 3963 1410 4027 Μηνᾶ·

300 4040 427 4103 'uxelles
441 4044 547 4107 δραχμὰς
565 4045 658 4095 lrssdds
668 4044 791 4095 letoldum
801 4045 855 4106 dns,
864 4048 915 4095 reis
932 4043 958 4095 dl
969 4044 1056 4108 drdpou
1073 4043 1208 4108 τρισχίλιοι
1224 4042 1318 4092 trab
1332 4041 1410 4091 aa·

299 4118 633 4183 enumeratam:
650 4122 1407 4189 Ounnllltesmnlmteesiutmsilsfltmmsh,

307 4199 1408 4270 mserutffieesseilepdspmnmdefiimmllitietmmamsd-
