3200 4917
309 423 396 489 4484
654 437 684 484 J.
709 436 821 484 stessi
843 433 1048 486 -nxcunsus

308 579 410 630 tissime
421 576 591 628 calumniatus
601 577 677 627 modo
689 578 721 627 nd
739 584 852 628 statuam
863 577 987 641 Augusti,
999 575 1073 625 modo
1087 576 1119 625 ad
1131 575 1261 626 exercitus
1274 564 1414 646 confugere

308 659 393 709 velle!
425 659 528 723 Resque
540 671 571 708 eo
589 659 682 719 evasit,
701 665 729 707 ut
749 673 801 707 non
822 657 932 720 periculi
952 657 1031 705 solum
1050 653 1224 720 fngn,‚imago
1246 659 1415 723 Imperatoris

308 744 387 801 esset,
396 737 443 786 sed
454 737 586 788 calumniae
597 737 707 787 occasio.
741 739 780 786 Ea
790 744 905 800 arrepta,
916 734 1011 785 inferre
1021 736 1137 799 injuriam
1150 737 1255 798 licebat,
1268 753 1318 800 non
1329 744 1413 798 ¹sulum

306 818 400 872 vitare.
431 817 512 867 Vides
524 818 565 867 lric
576 818 602 866 in
612 819 720 867 Tacito:
747 825 773 866 et
786 819 918 879 eleganter
930 817 956 864 in
976 816 1136 865 Philostrato
1156 817 1196 865 De
1213 819 1413 883 virsnpollonii

306 897 351 948 lib.
366 912 384 948 r.
418 898 521 960 ‘Erst,'
539 899 586 960 ait,
604 898 612 925 ‘
625 897 693 961 apud
713 896 861 959 Aspendios
881 896 979 958 asylum
993 895 1101 957 Tiberii,
1113 903 1258 960 statumque
1270 901 1413 958 sanctiores

305 976 356 1026 illis
368 977 393 1027 iu
404 977 469 1027 locis
481 977 729 1040 venerabilioresqne
747 991 824 1040 quarn
843 976 917 1027 Jovis
930 975 1047 1039 Olympii
1058 976 1220 1025 simulacrum
1232 976 1410 1030 habebantur:

305 1056 343 1107 ita
354 1064 384 1106 ut
402 1057 544 1120 impietatis
562 1057 697 1105 damnatus
708 1055 811 1120 qnidam
831 1053 920 1115 fuerit,
937 1054 1006 1119 quod
1025 1069 1126 1104 servum
1147 1070 1220 1104 snurn
1239 1059 1411 1123 verberasset,

305 1135 505 1200 qnidrachmnm
525 1142 676 1199 argenteam
686 1134 787 1183 Tiberii
808 1133 917 1196 imagine
938 1134 1066 1196 signatam
1078 1135 1216 1197 gestabat'
1249 1137 1412 1201 Itaquesnh·

305 1223 431 1266 venerunt
442 1216 597 1278 moxleges:
615 1223 653 1276 et,
664 1214 672 1241 ‘
682 1216 724 1265 Ne
735 1214 767 1262 ad
779 1220 877 1264 statuas
889 1215 931 1263 rel
942 1215 1066 1278 imagines
1079 1216 1134 1280 quis
1146 1214 1289 1280 confugiat,
1299 1219 1411 1272 Senatus

304 1295 420 1354 censuit3
436 1309 547 1359 eumque
559 1294 601 1359 qni
619 1294 753 1356 imaginem
773 1294 882 1344 Caesaris
901 1294 926 1342 iu
947 1295 1069 1343 invidiam
1086 1295 1192 1344 alterins
1204 1297 1372 1360 pretulisset,
1383 1299 1409 1348 in

303 1375 390 1424 vinela
402 1374 506 1438 publiea
519 1373 633 1423 codreeri
651 1375 737 1423 Divus
757 1373 820 1421 Pius
839 1373 1001 1437 rescripsit3’
1022 1374 1061 1423 rsit
1072 1374 1237 1423 Callistratus
1249 1374 1294 1423 lib.
1307 1387 1409 1426 xxvrrr.

303 1453 443 1517 Depoenis.
463 1452 514 1502 Sed
524 1459 552 1502 et
561 1460 654 1502 statuae
667 1453 781 1502 Deorum
793 1453 903 1503 eodem
892 1467 967 1516 Jure
980 1453 1066 1519 itaque
1076 1455 1228 1519 qrubusdam
1240 1455 1411 1521 adscriptum,

303 1534 326 1584 Α
339 1548 413 1585 servo
425 1546 476 1582 non
489 1533 569 1596 tangi.
587 1531 699 1596 Lauinii,
707 1546 851 1581 marmorea
861 1532 938 1596 basis,

781 1624 928 1660 rsrvonrro

815 1703 891 1741 sscn.

760 1785 826 1823 noc.
844 1784 950 1822 ssnnrrr

733 1864 761 1903 s.
777 1866 873 1903 sunno.
889 1864 976 1901 rsnnr

677 1995 681 2002 .
772 1944 866 1984 nerse.
884 1945 940 1981 rnr.

836 2125 871 2175 G.

337 2259 404 2308 Car.
421 2262 462 2306 st.
479 2255 569 2305 Liceat
581 2252 721 2318 ἑνιόρψγᾳ
731 2253 816 2303 lucem
827 2252 915 2304 facere
926 2252 1025 2316 optimo
1042 2252 1174 2317 scriptori,
1185 2253 1230 2319 qui
1240 2267 1309 2318 saepe
1322 2254 1405 2307 nobis.

302 2339 359 2402 Ego
370 2351 421 2387 nnn
433 2337 495 2387 alios
511 2335 662 2395 censuerim,
670 2333 765 2395 gladios
776 2333 920 2394 Dmrss'onos,
930 2347 1006 2397 qnnrn
1018 2332 1075 2382 illos
1087 2334 1178 2398 quibus
1191 2337 1229 2385 nsi
1240 2336 1405 2400 gladiatores.

300 2417 361 2466 Mos
384 2417 462 2479 enirn,
482 2416 630 2480 priusquam
650 2413 722 2477 paria
741 2413 975 2475 committerentur,
995 2419 1025 2461 nt
1043 2412 1114 2475 sicne,
1133 2415 1189 2464 sire
1208 2414 1288 2478 gladii
1310 2414 1405 2479 quibus

300 2496 449 2559 pugnaturi,
460 2495 561 2544 Editori
577 2493 681 2557 publice
698 2492 892 2555 exhiberentur,
903 2491 1000 2541 satisne
1018 2499 1106 2542 essent
1120 2494 1198 2544 acuti.
1227 2495 1366 2545 Suetonius
1377 2495 1404 2544 in

299 2574 440 2639 Titn,cap.
452 2587 492 2625 rx.
509 2573 543 2624 de
554 2572 696 2637 conjuratis
716 2571 832 2620 dnobus:
858 2571 1003 2620 ‘Ceterum
1023 2571 1092 2634 ipsos
1112 2587 1164 2622 non
1182 2574 1263 2622 solum
1284 2573 1404 2624 familiari

299 2670 378 2705 cenae
390 2654 517 2718 adhibuit,
528 2653 574 2704 sed
585 2659 614 2702 et
629 2651 775 2716 insequenti
791 2650 844 2712 die,
863 2650 1035 2713 gladiatorum
1055 2655 1217 2715 spectaculo,
1234 2654 1305 2703 cirea
1323 2669 1350 2704 se
1370 2669 1404 2704 ex

298 2734 426 2783 industria
437 2735 581 2797 collocetis,
591 2733 679 2782 oblata
689 2731 739 2780 sibi
752 2741 903 2784 ornamenta
916 2733 1087 2795 pugnantium
1098 2733 1257 2797 inspicienda
1270 2733 1404 2797 porrexit)

299 2813 342 2861 Ad
363 2828 440 2878 quem
451 2815 537 2862 locum
556 2813 619 2862 nihil
640 2811 729 2861 ridere
750 2811 907 2874 interpretas
925 2810 1005 2876 (quod
1019 2826 1065 2875 per
1077 2812 1186 2874 gratiam
1204 2826 1292 2871 eornm
1305 2813 1404 2876 dicarn)

298 2895 362 2944 seio.
385 2893 519 2956 Intellegit
528 2893 665 2956 Suetonius
676 2893 723 2940 hos
734 2892 805 2955 ipsos
817 2893 915 2954 gladios
928 2906 960 2940 ex
970 2905 1039 2940 more
1048 2891 1104 2955 jam
1117 2892 1186 2942 dicto
1199 2909 1205 2941 2
1222 2893 1331 2962 ideoque
1342 2893 1404 2944 Vie-

298 2980 348 3036 tor,
364 2974 374 3001 ‘
386 2973 491 3038 petiisse
502 2987 561 3022 eum
572 2972 685 3036 gladium
694 2971 768 3035 dicit,
780 2973 852 3037 quasi
864 2972 896 3020 ad
909 2971 1091 3035 explorandam
1104 2972 1204 3021 eciem!
1225 2972 1277 3022 Sed
1289 2973 1404 3037 apertius

297 3054 354 3118 ipse
365 3054 415 3103 Dio
427 3055 453 3104 iu
473 3054 570 3116 Nerva,
580 3053 614 3102 de
626 3052 718 3102 Crasso
730 3059 758 3100 et
769 3051 926 3116 Calpurnio:
949 3050 1126 3116 unpradlrnro
1137 3050 1162 3100 dl
1174 3051 1258 3101 αὐτοὺς
1269 3050 1294 3100 ln
1304 3070 1349 3102 rna
1361 3052 1405 3118 θέᾳ

298 3133 440 3195 moinus
459 3130 751 3194 dresnrwruhwrnmrnl
762 3130 847 3180 ἔδωκεν
864 3133 941 3181 nlrroi‘s
962 3132 1027 3194 ξίφη,
1038 3130 1104 3193 λόγῳ
1123 3131 1166 3191 μὲν
1182 3132 1212 3180 ir'
1232 3131 1401 3195 ἐπισκέψωνται

298 3214 367 3275 atel,
377 3213 434 3276 ὅπερ
444 3215 508 3263 elude
518 3201 637 3278 ’γ’σνέσθαι,
647 3213 668 3262 el
678 3212 732 3276 ὀξέα
743 3211 817 3277 loth,
829 3211 889 3278 ἔργῳ
900 3212 926 3266 ll
937 3211 1119 3274 ἐπιδεικνύμενος
1129 3211 1166 3261 ὅτι
1175 3211 1243 3261 οὐδὲν
1252 3213 1314 3274 stru
1324 3211 1406 3276 μέλει,

296 3296 337 3356 tgr.
372 3293 542 3355 Culleonoitpur
553 3309 590 3342 eos
600 3296 765 3354 inspectantis
782 3295 882 3356 quodum
891 3295 965 3358 juxto
980 3309 1014 3352 se,
1031 3295 1128 3354 ignnrm
1146 3295 1207 3354 guod
1214 3294 1306 3354 proditi
1318 3299 1406 3357 eruut,

296 3371 473 3435 &egregludins
491 3372 600 3434 tradidit,
609 3373 678 3421 cerdo
688 3374 781 3436 guidem
800 3373 838 3420 nti
855 3373 997 3434 inspicerent
1016 3373 1095 3434 (quod
1106 3371 1168 3436 fieri
1184 3373 1295 3436 editum)
1313 3375 1402 3423 entim

296 3450 361 3500 nesti
372 3454 458 3511 mest,
467 3463 494 3498 re
503 3455 583 3503 meur
593 3465 648 3499 reru
656 3455 683 3499 ut
693 3453 834 3516 utenderrt,
844 3451 885 3514 hc.
918 3451 1015 3500 Caussa
1026 3464 1089 3514 ergo
1100 3449 1160 3500 hnic
1171 3451 1244 3516 quasi
1256 3455 1403 3518 proverbio,

296 3531 437 3598 quodcum
455 3531 544 3580 Druso
565 3531 654 3580 crebro
671 3530 760 3580 edenti
779 3530 946 3595 gladiatores,
965 3529 1043 3593 gladii
1063 3531 1216 3594 explorandi
1227 3531 1402 3586 offerrentur:

295 3626 348 3662 non
360 3610 497 3661 admittere
508 3612 598 3662 solitus
618 3612 667 3660 nisi
689 3611 853 3661 acutissimos
872 3611 914 3658 sit.
947 3610 1012 3660 dure
1026 3625 1090 3672 ergo
1100 3611 1143 3660 ille
1157 3614 1347 3677 sanguinarius:
1364 3617 1401 3664 le·

295 3691 412 3762 esurimus
424 3700 514 3742 contra
524 3693 562 3744 M.
571 3692 730 3758 Antoninus,
738 3693 783 3756 qni
792 3690 891 3756 gladios
900 3697 988 3742 acutos
998 3691 1029 3740 iis
1041 3705 1090 3741 non
1102 3693 1228 3757 permisit,
1236 3693 1408 3745 redlrclretesv

296 3771 433 3824 dumtaxat
442 3781 470 3824 et
481 3773 595 3824 obtusos.

812 3968 847 4018 H.

328 4095 396 4144 css.
412 4098 452 4144 tt.
470 4093 608 4145 Rhenanus
626 4097 653 4146 iu
672 4095 802 4147 Oratione
821 4095 937 4145 Ensnenii
956 4096 1087 4158 Rhetoris,
1104 4102 1222 4161 quaest:
1240 4097 1399 4148 ‘Mereatur

295 4180 324 4224 et
342 4173 412 4222 Galli
428 4174 521 4237 nostri,
540 4182 569 4225 ut
588 4190 676 4226 eornm
694 4175 783 4228 liberis
799 4189 907 4240 quornm
927 4175 1020 4225 vitain
1037 4176 1399 4240 Augustodnnensinmnpido

294 4252 412 4318 ingenuis
422 4251 522 4305 artibus
539 4253 668 4321 mnditnr,
681 4258 740 4309 δια·
757 4263 851 4308 contra
868 4264 984 4308 veterem
1002 4257 1144 4308 editionem
1165 4259 1304 4310 rescribere
1317 4257 1402 4310 audet·
