3200 4917
311 400 401 474 uid
663 420 770 473 norm
790 421 990 473 vaurouuu
1014 422 1056 471 ru

313 571 366 614 tem
385 563 412 614 S.
432 562 519 613 Paulli
538 561 572 612 ab
592 562 708 612 exercitu
728 576 775 611 ano
797 562 841 612 ab
878 561 1108 628 aplendcrelandia
1125 566 1153 611 et
1165 558 1254 625 gloriae
1265 556 1409 611 refutaren·

311 646 446 700 arrectum,
467 640 493 688 iu
510 653 608 688 naaaaur
630 638 723 687 illexit.
757 637 841 686 Comi·
879 646 947 688 tur:
973 638 1127 687 invenerunt
1156 636 1295 686 accurandi
1318 650 1409 701 genua,

312 728 394 777 neena,
422 714 476 763 alil.
513 714 657 777 Virdangua.
701 717 788 766 Quare
813 714 839 762 id
879 713 947 776 quod
958 715 1042 761 nnllua
1051 711 1202 761 refelleret!
1230 712 1334 773 lipaiur.

312 791 491 855 praeceptum?
525 791 592 842 Quia
607 790 675 839 lraud
692 790 771 838 dubie
784 789 839 851 jam
912 787 1010 848 Μαῖα]
1040 787 1112 848 linc,
1136 786 1275 835 definiente
1297 786 1408 846 AEtlrico,

313 867 446 915 renatabat
463 866 623 929 Domitiano,
638 864 753 914 futurum
769 872 798 913 ut
810 866 840 913 li·
879 862 913 911 ab
932 863 1042 911 Oriente
1062 864 1141 909 babet
1155 860 1341 911 ortiailuminia
1353 864 1408 912 Da·

310 940 400 990 bertus
420 940 567 1004 Agricolam
587 942 613 989 in
634 940 767 988 Britannia
789 950 839 988 uon
878 937 1012 985 nubiizab
1025 939 1094 985 Euro
1104 938 1255 985 Taraciam:
1274 937 1407 986 ameridia

312 1015 463 1066 offenderet.
496 1018 545 1065 Cni
555 1030 686 1065 aueceaacr
698 1017 753 1079 jam
765 1014 839 1063 dutna
879 1012 1058 1061 Macedoniam
1071 1028 1078 1059 :
1092 1012 1124 1059 ab
1136 1011 1406 1062 AfricoDalmatiam:

312 1099 384 1153 erat,
402 1106 519 1155 qnemex
536 1091 671 1139 Britannia
682 1092 739 1152 jam
752 1104 840 1138 excea-
880 1087 913 1134 ab
935 1103 1028 1136 occasu
1047 1088 1166 1136 latrium:
1186 1088 1297 1137 aCircio
1309 1089 1408 1137 Panno·

311 1169 375 1218 aiaae
388 1182 437 1217 uon
457 1168 634 1217 dubitabatur.
667 1167 740 1214 Sicut
752 1180 801 1213 non
813 1168 839 1214 in
878 1163 969 1210 niam:
998 1178 1013 1210 a
1039 1163 1222 1225 Septentrione
1250 1164 1407 1213 Danubium.

310 1244 452 1305 Britannia,
482 1243 528 1291 sed
556 1244 612 1305 ipro
640 1242 741 1291 Oceani
760 1240 839 1302 freto,
879 1236 976 1285 Eadem
998 1236 1054 1285 fere
1079 1237 1204 1287 laidorna.
1236 1239 1407 1288 Recenticrea

309 1317 458 1381 Agricolam
470 1318 578 1365 libertna
590 1314 767 1381 deprehendit.
790 1317 839 1365 Ec·
879 1314 996 1361 Moeaiem
1008 1314 1139 1376 duplicem
1150 1328 1207 1362 eaae
1225 1322 1325 1376 notant,
1341 1314 1407 1364 inic-

311 1408 341 1443 ce
354 1392 474 1442 bonorem
495 1408 510 1439 a
527 1392 676 1440 Domitiano
694 1392 718 1439 in
729 1390 839 1453 Agrico.
879 1388 973 1437 riorem
987 1398 1014 1436 et
1035 1389 1209 1449 aupcriorem:
1228 1404 1334 1453 quarum
1351 1390 1407 1441 luee

296 1470 360 1517 'lam
388 1468 518 1530 collatum,
546 1481 595 1530 quo
616 1473 701 1515 tamen
727 1466 767 1514 uic
788 1482 838 1515 uon
878 1466 947 1513 ultra
968 1466 1076 1513 Boanum
1104 1462 1219 1527 durium,
1236 1467 1279 1529 qui
1307 1466 1406 1528 Illyrici

310 1549 436 1593 uteretur.
470 1544 513 1591 lta
530 1542 634 1605 peaaimi
655 1542 792 1604 Principes
812 1544 839 1591 in
878 1542 1010 1602 terminas,
1022 1554 1109 1589 verena
1122 1541 1216 1590 Ortum
1229 1556 1285 1590 aeae
1296 1542 1406 1605 erigena,

310 1620 422 1683 optimos
439 1621 522 1669 uolent
539 1632 596 1667 erae
611 1618 838 1680 liberalea,ntop-
877 1616 954 1664 bodie
990 1617 1081 1665 Serria
1108 1618 1273 1679 appellatur:
1300 1616 1407 1667 inferior

310 1696 386 1745 timna
398 1696 528 1745 aestimare
546 1694 690 1754 videantur,
701 1700 729 1743 et
745 1694 769 1743 in
782 1709 839 1756 ape·
878 1705 938 1739 vero
950 1692 1082 1754 Balgaria.
1117 1693 1242 1756 Utraque,
1254 1693 1323 1741 inter
1341 1694 1406 1741 Hoe·

310 1772 377 1821 ciem
405 1786 490 1820 amare
516 1771 573 1819 illos
601 1770 750 1831 credantur,
774 1785 838 1833 quoa
877 1782 946 1817 nrum
967 1776 1079 1817 montem
1095 1775 1123 1817 et
1142 1769 1288 1817 Danubium
1297 1768 1358 1828 aira,
1368 1782 1407 1816 na·

311 1848 398 1897 odere.
430 1848 541 1896 Volebat
567 1848 649 1896 videri
677 1847 838 1896 Domitianus
877 1858 927 1908 qne
946 1844 979 1892 ad
993 1845 1120 1893 Euxinum
1138 1848 1246 1894 Pontum
1257 1846 1407 1908 porrigitur.

311 1924 439 1972 aestimare
462 1936 489 1970 se
509 1924 576 1971 velle
598 1923 691 1971 illustri
712 1922 838 1986 (lignitate
879 1924 1036 1973 Ptolemaeus
1047 1936 1089 1972 111.
1099 1928 1123 1970 9.
1132 1930 1220 1986 etseq.
1251 1923 1390 1983 l'irdnngus.

310 1998 465 2063 Agricolam,
478 2004 663 2047 reveratamen
681 1999 837 2048 aestimatum
912 2000 955 2047 Tot
965 2000 1080 2047 rnilitum
1094 1998 1152 2058 ciri]
1177 1997 1407 2060 Legendnmride-

309 2073 422 2123 nolebat.
456 2072 759 2136 Itaqueadbeneiicinm
777 2088 837 2122 eon·
877 2073 985 2121 turnici.
1018 2073 1102 2135 Supra
1113 2071 1180 2120 Ann.
1193 2072 1365 2120 x11.³8.‘Ac
1377 2070 1405 2119 ni

309 2148 444 2210 ditionem,
472 2164 522 2213 qua
554 2149 628 2197 irrita
661 2149 838 2197 reddebantur
875 2150 928 2198 cito
947 2150 1011 2198 vicia
1027 2157 1055 2197 et
1073 2148 1186 2198 cartellia
1202 2148 1327 2211 proximia
1346 2146 1406 2197 aub-

299 2224 441 2285 nnandata,
452 2223 557 2285 adjecit.
591 2224 634 2272 De
646 2225 739 2287 reipsa
751 2230 837 2273 tamen
877 2224 1070 2287 ventumsnret,
1096 2226 1179 2287 copiae
1199 2232 1253 2274 tum
1272 2224 1405 2274 occidione

310 2298 414 2348 dubitat
430 2299 545 2348 Tacitus.
577 2298 636 2347 Non
656 2312 711 2347 anm
731 2297 838 2346 interim
875 2300 1074 2349 occubuissent!
1106 2300 1298 2350 Aumxrntti.
1315 2300 1406 2349 ‘Prt-

309 2375 422 2435 ncaeiua,
441 2374 467 2422 in
488 2373 566 2423 alium
586 2387 686 2421 aeneum
705 2373 762 2420 baec
775 2372 838 2420 aliua
875 2375 968 2424 aldium
986 2377 1093 2438 posthac
1111 2376 1257 2438 impositum
1269 2376 1343 2436 ricla,
1360 2390 1405 2424 cx·

309 2449 458 2512 accepime3
478 2450 523 2497 aed
542 2464 574 2498 an
597 2462 628 2497 co
648 2447 717 2511 apud
730 2447 838 2510 Agrico·
876 2451 974 2512 ciaique
993 2451 1052 2507 luci,
1081 2451 1156 2499 savia
1178 2451 1403 2515 superstitionibua

309 2525 369 2587 lam,
379 2525 453 2587 cnjus
472 2524 688 2573 modestiaaimnm
708 2522 838 2585 ingenium
876 2526 960 2574 aacri!
977 2526 1048 2575 Hiat.
1059 2541 1086 2574 u.
1098 2532 1139 2575 20.
1150 2526 1158 2554 ⁴
1169 2528 1334 2591 Tantumque
1342 2526 1405 2575 belii

308 2612 373 2662 opua
394 2598 483 2660 suerit,
506 2601 561 2661 ipae
578 2612 618 2646 me
639 2597 742 2647 Tacitna
760 2598 838 2659 jubet
876 2600 1010 2663 superfuit,
1026 2609 1056 2650 ut
1073 2602 1195 2665 praesidia
1212 2603 1362 2662 cohortium,
1377 2616 1405 2651 a·

309 2674 438 2725 dubitare.
456 2675 616 2724 Borborniaa.
875 2677 966 2735 larum,
989 2677 1116 2739 legionum
1138 2676 1321 2726 modiciavicia
1343 2690 1404 2742 qua·

341 2750 437 2799 Ficturn
454 2766 481 2799 aa
503 2751 653 2813 compedium
673 2748 719 2811 aar]
751 2750 838 2801 Quan-
875 2752 1268 2815 dripanuacivitrainraaent!
1297 2754 1402 2801 Gronov.

308 2839 384 2889 quam
397 2840 480 2889 perae
491 2824 632 2873 membrum
643 2825 691 2873 boc
710 2824 835 2882 aubaiatit,
907 2828 1023 2877 Hibernia
1049 2826 1178 2889 legionum]
1211 2829 1253 2877 De
1282 2828 1321 2877 his
1344 2828 1404 2877 vide

307 2908 354 2949 aut
382 2902 460 2950 etiam
489 2915 504 2947 a
530 2899 702 2961 superioribus
729 2899 836 2963 pendet,
875 2903 1026 2966 Lipsiumv.
1038 2903 1070 2951 de
1088 2902 1224 2953 millium.
1237 2903 1306 2953 Dial.
1319 2908 1342 2951 1.
1354 2904 1403 2951 Ca·

307 2972 577 3023 meliuatamenlorte
592 2990 650 3024 cum
669 2975 835 3038 aequantibua
874 2979 1014 3027 aarrbonnm
1040 2978 1068 3026 iu
1094 2977 1235 3027 Adriannm
1264 2977 1404 3041 Spartiani,

306 3050 442 3113 ligaverit:
458 3050 548 3114 fictum
568 3065 596 3099 nr
617 3050 767 3113 compositam
788 3055 834 3113 aar,
874 3053 1032 3117 scaligerum
1049 3054 1075 3102 iu
1087 3053 1222 3102 Mosellam
1231 3053 1404 3113 Arrioninsa-

305 3125 498 3187 tradideram.
516 3126 658 3175 Acidaliae.
873 3142 996 3177 roronem
1018 3128 1051 3177 ad
1070 3127 1141 3176 illum
1162 3141 1262 3176 vernum
1284 3127 1403 3178 Sidonii:

340 3200 516 3264 Excepturgue]
549 3203 591 3250 De
604 3216 675 3250 more
687 3201 834 3265 excipiendi
873 3204 1008 3253 ‘Cernere
1022 3204 1077 3266 jam
1096 3202 1186 3252 videor
1202 3203 1325 3264 qnaeaint
1344 3203 1404 3266 tibi,

307 3274 400 3324 oaeulia
422 3274 481 3323 vide
510 3274 625 3337 Lipsium
651 3277 737 3324 Elect.
757 3290 787 3325 u.
808 3283 833 3326 ὅ.
873 3280 971 3340 Berge,
987 3278 1091 3327 futura!
1124 3280 1184 3325 Pet.
1204 3276 1333 3326 Pitboeurn
1349 3276 1403 3325 Ad·

310 3349 455 3410 Virdatugua.
873 3364 940 3401 rera.
951 3363 971 3398 ι.
982 3354 1021 3397 lt.
1042 3349 1157 3411 Virdaag.

340 3423 479 3479 Quoerercm
498 3424 603 3488 sauram]
637 3427 729 3475 Poaaet
755 3423 834 3473 etiam
907 3425 937 3472 ln
954 3425 1027 3487 iprum
1039 3424 1141 3485 glorium
1156 3439 1260 3489 prema
1276 3426 1404 3491 agebatur]

305 3498 366 3563 legi,
377 3504 506 3562 guoererrm
516 3505 603 3549 lorum.
615 3500 760 3548 erenanna.
874 3499 969 3547 Mirum
996 3499 1119 3563 loquendi
1147 3514 1236 3564 genua,
1262 3516 1323 3565 quo,
1353 3502 1403 3550 uiti

339 3574 406 3625 Cae.
416 3578 458 3623 ⁴1.
489 3574 581 3624 Abarne
604 3577 732 3633 erramina,
753 3571 835 3621 duaa
873 3572 1130 3639 fallor,aignidcatur
1141 3576 1287 3638 Agricolam
1297 3578 1337 3625 bia
1348 3578 1403 3640 qui·

306 3648 479 3711 atomum]
512 3648 747 3709 Aut.Angnatinua
763 3648 834 3710 lege·
872 3650 931 3699 dem
951 3652 1027 3700 rebnr
1045 3653 1153 3715 gloriam
1164 3652 1301 3701 maximam
1313 3666 1402 3701 coure-

306 3722 368 3773 bat:
383 3722 662 3786 praemabwlviuetl·
682 3721 799 3771 Ursinus·
872 3734 959 3777 cutum
987 3726 1033 3777 aed
1055 3727 1104 3775 aibi
1127 3727 1277 3775 exitialem:
1304 3734 1334 3775 ut
1357 3727 1401 3791 qul

338 3798 470 3848 Pettium
500 3796 650 3844 ‘inituicmm
674 3810 757 3858 genu,
783 3798 832 3845 Μ·
872 3804 1021 3866 precipites
1031 3809 1152 3866 aguntur,
1170 3802 1196 3850 iu
1208 3802 1316 3851 exitium
1326 3816 1400 3852 auum

304 3872 399 3936 danim]
431 3872 532 3919 Gnome
553 3884 585 3917 ex
609 3870 670 3932 ipaia
691 3870 831 3933 adytialm·
871 3886 957 3928 ruunt.
978 3879 1094 3939 Virduag.
1124 3876 1401 3939 Gloriaigituretdia·

305 3962 388 3997 mann
405 3946 483 4005 Vstoei
501 3946 542 3993 ⁶¹¹5
564 3947 732 3997 Μθωθῐῒῑῦῑὶῑ
753 3949 831 3998 inter·
870 3954 978 4005 crimine
989 3950 1265 4017 paritercireumiuana
1276 3960 1326 4001 eat.
1346 3954 1401 4002 De·

305 4036 375 4086 pren,
407 4020 567 4085 Panegyrico
601 4023 635 4072 ad
665 4024 831 4076 lulianum!
871 4030 1022 4078 natatanim
1038 4029 1080 4077 bic
1097 4027 1317 4091 iliod‘impalaae
1335 4042 1400 4092 pra·

305 4096 469 4159 Statimque:
498 4096 570 4149 ‘He
587 4114 661 4151 rocea
681 4100 785 4152 fuerunt
797 4103 830 4151 ed
871 4119 933 4167 cepa
949 4104 1058 4153 immane
1073 4104 1210 4161 ruinae,'ut
1228 4103 1400 4167 loquiturdu·

304 4170 486 4223 iudammanda
511 4176 570 4225 odia
588 4179 687 4240 probria
715 4178 830 4229 omuibus
870 4180 1032 4231 rcualiaSat.
1042 4191 1071 4227 x.
1087 4179 1212 4227 Boukra.

306 4248 479 4313 potentiurea:
501 4253 522 4302 ai
540 4256 607 4305 eninr
618 4258 775 4308 comminisci
786 4258 831 4306 ali·
904 4257 970 4306 car.
992 4259 1035 4305 tl.
1061 4254 1129 4305 Aaiae
1148 4258 1173 4302 et
1194 4252 1298 4315 Ainea]
1339 4253 1399 4303 Nou

307 4338 358 4392 qua
375 4324 475 4396 flagitia
500 4336 654 4397 tentaaaent,
677 4330 754 4384 facile
773 4332 831 4398 ipae
870 4338 969 4397 puteat,
983 4335 1014 4382 nt
1032 4330 1139 4383 aordtua
1159 4326 1241 4381 fuerit
1260 4336 1398 4395 utrumque
