3200 4917
290 398 381 464 stus
631 409 687 461 ·s.
710 408 824 459 ussit
849 406 1048 458 sxcnssus

291 562 387 618 udan,
404 556 469 616 else,
496 553 623 618 m]
650 567 716 617 aqua
735 557 764 601 et
781 550 835 616 igni
865 550 1047 612 interdicatur,
1065 548 1201 614 omnisque
1221 548 1290 598 bona
1309 549 1400 598 cornis

291 638 474 702 publicentur:
486 636 561 684 etsie
572 632 799 696 eternasgentium
811 631 855 695 qui
867 631 887 677 si
899 630 924 678 id
937 629 1039 691 fecerit,
1050 629 1076 677 iu
1088 643 1146 678 eum
1158 627 1401 680 animadvertetur?

292 718 360 768 lllco
370 716 512 766 Dominum
529 715 675 778 intelligere
693 715 735 762 Sc.
754 712 804 760 boc
823 714 916 774 ipanus.
949 709 987 759 At
998 711 1065 758 sulm
1083 710 1126 758 ille
1146 707 1229 758 refert
1242 710 1275 758 ad
1288 711 1401 774 Pompo·

292 797 362 848 ninus
374 793 508 846 osticium
520 795 592 845 coss.
614 794 663 843 boc
673 802 759 842 satem
771 805 838 840 arsuo
850 792 949 840 Taurus
971 796 999 839 et
1018 789 1083 838 Libo
1102 789 1173 837 Coss.
1193 787 1307 838 t‘ucrnnt.
1340 791 1400 840 Noa

290 881 341 930 boe
351 892 456 937 uorum,
467 881 497 926 ut
505 877 574 926 iuter
585 875 726 938 scriptores
737 873 797 922 aussi
809 873 882 921 unius
894 870 1030 922 discrimen
1043 869 1085 918 sit.
1120 869 1215 918 Cutius
1228 870 1297 917 euim
1310 869 1402 934 nutus,

291 967 321 1010 et
337 960 367 1009 lc
381 959 548 1020 Pomponius,
568 955 691 1004 t'mnsules
712 953 819 1003 inerunt
837 953 955 1017 sequenti
975 953 1043 1001 huuc
1063 963 1138 998 anno.
1173 947 1255 998 Addit
1272 949 1401 1013 Ulpianus

292 1041 353 1103 alia,
369 1053 427 1103 quse
445 1038 478 1086 ad
494 1037 669 1098 coguitionem
684 1035 776 1084 lstsns:
792 1035 800 1062 ‘
814 1035 961 1097 Supissime
979 1033 1089 1096 denique
1101 1030 1271 1080 interdictum
1283 1037 1324 1080 est
1342 1029 1399 1081 lere

292 1121 327 1171 ab
337 1119 454 1170 omuibus
466 1116 634 1181 principibus,
645 1129 678 1163 ue
689 1114 747 1178 quis
758 1113 861 1162 omuino
872 1112 1016 1176 hujusmodi
1029 1111 1136 1174 ineptiis
1147 1126 1175 1160 se
1187 1111 1355 1161 immisceret:
1373 1115 1402 1162 et

291 1198 363 1250 rarle
374 1198 459 1263 punitl
472 1203 533 1245 snut
542 1195 568 1243 lsi
576 1194 621 1258 qui
640 1193 667 1242 id
677 1198 860 1255 exercuerunt,
879 1206 927 1255 pro
945 1206 1064 1240 mensura
1075 1191 1173 1240 scilicet
1185 1199 1213 1239 et
1231 1191 1401 1240 consultatio-

290 1281 332 1332 nls
353 1278 485 1345 [legerim
503 1275 600 1324 sceleris
619 1281 643 1322 st
664 1273 850 1335 mandationis,
870 1273 912 1321 rel
932 1272 1039 1320 inducta
1055 1270 1159 1334 copula,
1179 1271 1270 1320 sellim
1287 1271 1402 1322 mullo·

291 1362 386 1425 tiasisJ.
419 1359 488 1408 Nasu
505 1356 549 1420 qul
561 1355 594 1403 de
605 1353 738 1416 Principis
749 1351 941 1416 salute,ospite
958 1351 1044 1415 puniti
1061 1358 1130 1413 snut,
1149 1351 1189 1400 vol
1206 1364 1257 1413 qua
1276 1351 1327 1400 alia
1346 1365 1401 1414 gra·

291 1446 365 1493 siose
376 1454 454 1505 poens
464 1435 578 1486 adiecti!
610 1436 671 1484 Nou
682 1434 800 1483 omittant
816 1434 946 1482 oraculum
959 1432 1040 1482 nostri
1051 1431 1127 1493 vatis,
1138 1430 1172 1480 de
1188 1429 1227 1479 lsis
1247 1430 1318 1479 sanis
1336 1429 1402 1478 rati.

292 1522 356 1572 bus:
373 1507 574 1569 ‘Mathematici
585 1527 667 1578 genus
677 1513 808 1563 bominum
820 1510 969 1576 potentibus
988 1509 1105 1574 iutidnns,
1123 1509 1286 1574 sperantibus
1303 1509 1399 1560 fallax:

292 1601 361 1669 quod
371 1599 399 1650 lu
409 1597 518 1649 civitate
528 1599 619 1644 nostra
628 1599 658 1642 et
669 1592 800 1642 vetabitur
817 1605 931 1655 semper,
941 1597 970 1642 et
981 1590 1156 1642 retinebitur!

827 1783 866 1834 Η.

325 1921 394 1974 Car.
405 1923 447 1970 tt.
462 1918 582 1977 Plautus,
593 1916 601 1943 ‘
614 1913 694 1964 eredo
714 1926 764 1975 ego
780 1912 847 1961 istoc
866 1912 986 1976 exemplo
1003 1911 1050 1962 tibi
1069 1912 1132 1962 Esse
1150 1912 1263 1962 eundum
1283 1919 1399 1966 actutum

292 2008 368 2053 estre
385 2007 498 2064 persam,
514 1995 635 2060 dispessis
654 1990 771 2042 manibus
782 1989 933 2040 Patibnlum
945 2005 1022 2055 quom
1034 1991 1158 2042 nabebis:
1191 1991 1282 2057 ltaque
1298 1999 1327 2042 et
1343 2009 1400 2044 car·

290 2081 364 2134 aliea
382 2078 540 2130 domicilium
558 2074 651 2124 babuit
672 2079 749 2122 estra
767 2070 867 2121 urbem.
902 2071 1003 2133 Cicero,
1024 2085 1071 2135 pro
1086 2071 1194 2122 Rabirio
1213 2073 1399 2137 perduellionis

292 2176 354 2214 reos
371 2160 440 2209 ‘Sed
461 2163 606 2208 moreretur
624 2153 696 2218 prius
713 2152 881 2202 acerbissima
902 2158 985 2202 morte
1006 2151 1098 2202 millies
1110 2152 1254 2216 Gracchus,
1273 2167 1349 2219 qnam
1371 2153 1398 2204 lss

291 2241 482 2307 eiusconcloue
498 2233 615 2286 carnifex
635 2232 807 2282 consisteret:
826 2245 903 2296 quesn
922 2246 974 2282 uon
991 2233 1067 2282 modo
1084 2231 1152 2294 foro,
1172 2234 1218 2283 sed
1236 2234 1315 2284 etiarn
1333 2234 1398 2284 celo

291 2324 342 2372 boc
364 2335 395 2370 ac
416 2317 509 2382 spiritu
528 2313 661 2364 Censorias
688 2314 770 2377 leges,
791 2319 870 2376 atque
895 2313 966 2362 urbis
984 2313 1114 2363 dornicllio
1132 2327 1222 2365 carere
1241 2310 1398 2364 voluerunt!

290 2401 357 2453 ldco
378 2399 497 2459 Plautus,
518 2399 614 2446 ‘extra
631 2401 733 2458 portam
754 2393 864 2443 bietinm
885 2395 1041 2444 currendum
1059 2400 1100 2444 est
1124 2394 1317 2458 prius,1.auios
1337 2393 1398 2444 iude

291 2494 424 2532 wcersssn
443 2478 494 2528 duo
515 2489 574 2528 curu
593 2473 793 2526 dntinmbulis.'
826 2473 956 2537 Intelligit
968 2473 1035 2524 cuins
1047 2472 1192 2536 carnifices,
1203 2488 1310 2538 quorum
1321 2480 1398 2524 extra

291 2573 350 2610 eam
361 2565 461 2622 portatu
476 2555 578 2620 domus,
588 2555 623 2604 sd
639 2555 771 2604 solennem
787 2553 922 2618 suppliciis
942 2555 1036 2604 locum.
1070 2553 1128 2603 Iuro
1139 2561 1167 2604 et
1179 2553 1289 2603 Corlarii
1300 2569 1329 2603 ac
1341 2555 1399 2603 Vle·

292 2639 419 2704 pelliones
438 2636 504 2688 urbe
516 2635 636 2699 submoti,
658 2633 747 2698 aperi
765 2648 863 2684 caussa
896 2635 1038 2686 blorticlna
1051 2635 1120 2684 sulus
1131 2640 1254 2684 tractant.
1288 2632 1400 2683 Artemi·

291 2718 371 2768 dorus
390 2718 458 2767 libro
480 2730 500 2768 s.
520 2731 545 2766 c.
565 2729 627 2765 urs.
646 2713 678 2763 'tl
699 2713 725 2762 tl
745 2715 906 2777 βυρσοδεψεῖν,
924 2715 983 2763 πᾶσι
999 2713 1108 2776 romulu
1125 2715 1211 2776 serpis
1228 2713 1276 2776 γὰρ
1295 2711 1397 2762 dunas

292 2795 407 2858 aaaron
425 2797 439 2842 l
458 2793 611 2858 βυρσοδόψηι,
628 2793 667 2844 seul
682 2795 726 2852 rip
746 2791 838 2844 stam
859 2793 1003 2856 drdumm:
1022 2794 1157 2844 Corlnrlosss
1178 2807 1294 2857 ennom,
1312 2795 1399 2842 mulum

291 2876 406 2928 asilu.
441 2876 547 2938 corpora
561 2874 623 2924 sssiss
638 2879 732 2922 mortuo
741 2879 855 2924 attrectat
872 2876 950 2936 cerdo,
961 2873 1058 2936 ideoque
1071 2874 1101 2922 ul
1111 2873 1167 2923 urbs
1176 2873 1312 2922 secluditur.
1346 2871 1398 2921 Sed

292 2957 355 3024 quid
377 2961 419 3005 est
438 2954 507 3020 quod
525 2953 635 3004 Tacitus
655 2953 699 3003 ltic
717 2953 815 3003 diserte
831 2955 948 3003 nominat
964 2953 1144 3018 Esquilinam?
1158 2967 1209 3002 non
1232 2953 1398 3002 temerarium

292 3042 349 3088 est:
366 3049 416 3087 nec
426 3033 504 3085 facile
515 3034 642 3097 reperies,
650 3038 682 3083 nt
692 3047 741 3097 ego
752 3047 856 3094 censeo,
872 3033 916 3083 ubl
936 3031 1059 3098 supplicii
1079 3047 1128 3095 res,
1149 3031 1276 3082 nominari
1295 3039 1398 3095 portant

291 3116 368 3168 allans
384 3132 392 3165 ι
409 3115 459 3164 nisi
480 3119 569 3164 tamen
590 3113 709 3176 bietiaus,
730 3119 760 3162 ut
785 3111 880 3162 iterum
902 3111 972 3176 apud
1004 3113 1143 3162 Plautum:
1171 3113 1268 3162 ‘lllusu
1291 3110 1395 3176 aedepol

290 3196 381 3246 ridere
391 3195 527 3245 ardentem
547 3201 574 3244 te
592 3201 668 3245 extra
685 3199 789 3258 portans
809 3193 930 3255 lsletiaus,
947 3192 1032 3242 Credo
1042 3199 1146 3242 ecastor
1158 3191 1242 3243 selle!
1273 3192 1326 3242 Sed
1338 3205 1399 3256 pro·

291 3274 365 3325 lecto
383 3287 441 3336 quau
463 3273 549 3322 Metia
565 3272 672 3334 Plauto,
690 3273 782 3322 cadens
803 3279 843 3322 est
863 3287 922 3324 enm
940 3273 1090 3337 Esquilinas
1117 3279 1272 3334 argomento
1294 3273 1344 3323 loci
1364 3274 1397 3324 ds

202 3354 205 3361 '
252 3405 257 3414 ,
292 3351 500 3416 suppliciis,tum
519 3350 619 3400 numeri
635 3351 753 3414 situsque
772 3358 904 3412 portarum
925 3351 1005 3399 urbis.
1037 3350 1122 3413 quue
1142 3357 1203 3400 aute
1215 3365 1257 3400 use
1268 3353 1397 3403 censuisse

292 3431 370 3486 sudio
381 3428 520 3479 Octavium
539 3427 740 3494 Pautagstlsnrs,
760 3430 842 3478 sirum
861 3443 993 3494 maguum,
1010 3431 1101 3493 altuni,
1112 3437 1142 3482 et
1162 3431 1206 3495 qui
1226 3445 1283 3481 esse
1303 3433 1396 3484 doctos

292 3511 402 3576 eligeret
416 3521 494 3573 quam
509 3507 603 3557 sideri.
636 3509 706 3570 Non,
716 3507 829 3572 inquam,
840 3509 956 3572 reperies
968 3507 1044 3560 alissu
1061 3511 1215 3561 uomiustam
1227 3513 1259 3563 ab
1271 3513 1337 3576 istis,
1347 3512 1398 3563 uisi

291 3589 360 3642 forte
371 3588 499 3640 Collinam
517 3589 546 3637 iu
555 3588 698 3638 Vestalinsu
719 3596 821 3640 mortes
837 3589 907 3655 qnod
924 3589 995 3640 aliud
1008 3591 1163 3656 asupplioio
1174 3593 1288 3656 vulgato.
1321 3593 1398 3643 Facit

292 3669 326 3720 ad
336 3677 439 3734 portans
456 3667 625 3733 Esquilinam,
636 3669 704 3733 qnod
719 3669 860 3720 Suetonius
876 3668 903 3718 in
915 3671 1024 3722 Claudio
1034 3672 1155 3736 scripsit:
1172 3673 1180 3702 ‘
1193 3673 1331 3724 Civitatem
1344 3673 1398 3723 lio·

290 3764 392 3803 mausus
403 3755 559 3812 usurpantes
568 3747 595 3796 iu
605 3763 697 3812 campo
705 3749 841 3813 Esquilino
851 3751 935 3801 mouri
946 3752 1096 3817 percussits'
1107 3753 1174 3818 quod
1189 3753 1322 3817 Horatius,
1331 3767 1397 3803 suus

291 3829 347 3881 lllss
364 3829 493 3894 lapidatas
511 3828 538 3878 ln
558 3827 680 3892 Esquiliis
699 3828 807 3893 abjicit:
824 3830 898 3882 ‘Vos
919 3832 996 3882 turba
1013 3832 1118 3883 sicstlru
1136 3833 1196 3882 ltine
1207 3837 1235 3884 et
1248 3831 1308 3882 hinc
1326 3833 1397 3882 sssis

292 3917 384 3974 petes·
394 3910 544 3960 Contuudet
554 3908 680 3958 obscenas
690 3922 761 3959 sues.
794 3908 860 3960 Post
876 3911 1007 3973 insepulta
1017 3912 1131 3962 membra
1148 3910 1271 3962 different
1285 3913 1349 3978 lupi,
1361 3913 1397 3964 Et

291 3989 433 4054 Esquilina
451 3989 545 4038 attses!
577 3989 671 4054 ltaque
687 3996 716 4039 et
726 3990 842 4042 Puticuli
853 3991 898 4054 ihi,
909 4007 959 4056 quo
970 3992 1057 4042 silium
1070 3992 1299 4058 damnatorumque
1316 3993 1396 4043 borul-

291 4081 354 4120 nuus
378 4067 507 4118 cadavera
534 4069 748 4133 projiciebantur.
782 4070 876 4134 Varro,
903 4071 1007 4138 Festus,
1033 4072 1139 4139 aliique.
1179 4071 1281 4124 lbidesn
1308 4075 1394 4124 locunt

290 4144 381 4212 ianm,
391 4146 437 4214 qni
447 4147 594 4216 sautum
602 4147 744 4215 diceretur,
752 4149 821 4202 infra
831 4149 942 4202 docebo.

310 4219 325 4232 1
