3200 4917
317 332 406 400 4542
535 350 732 400 nrcnusus
756 352 925 422 coprcuu
950 354 983 402 c.
1007 354 1039 403 c.
1062 355 1191 406 rscrrr

317 503 353 567 in
367 503 475 568 lucem
497 503 699 586 prodierunt,
721 505 778 586 qui
798 525 859 588 per
880 506 985 569 multa
999 507 1135 585 saecula,
1159 508 1254 591 quasi
1273 511 1416 596 eclipsin

317 606 424 689 passi,
447 607 676 688 expalluerunt
697 612 729 670 et
747 613 961 684 evanuerunt,
985 608 1084 690 plane
1103 610 1296 691 indicantes
1318 635 1417 698 quam

317 729 378 793 pro
403 709 505 806 nihilo
538 709 593 771 vcl
629 709 746 774 saltem
762 709 892 809 vminori
925 728 1025 793 quarn
1058 731 1255 796 pergamena
1272 735 1340 802 qua
1362 717 1417 783 de·

318 813 431 894 scripti
446 811 585 888 fuerant,
609 812 762 876 aestimati
776 811 907 875 fuerint.
930 809 933 820 '

360 914 521 979 Codicum
543 914 748 1000 quorundam
773 916 987 979 classicorum
1013 919 1181 1000 paucitas,
1202 941 1343 1004 quorum
1365 929 1416 990 ta-

315 1036 390 1081 mcn
403 1017 564 1081 editiones
578 1017 786 1102 possidemus
802 1017 1014 1096 abundanter,
1030 1021 1192 1085 neminem
1208 1024 1301 1089 latet.
1347 1025 1414 1090 Mi·

315 1120 505 1191 nimercro
528 1121 693 1198 Tacitum,
726 1123 933 1202 scriptorem,
963 1124 1006 1186 ob
1031 1125 1162 1188 virtutis
1185 1130 1219 1188 ct
1250 1128 1414 1194 libertatis

315 1214 473 1300 amorem,
497 1230 598 1306 atque
623 1225 858 1286 sententiarum
873 1224 1132 1308 profunditatem
1147 1233 1180 1290 et
1194 1228 1412 1310 majestatem,

315 1348 429 1393 omnes
454 1334 527 1392 ante
558 1327 697 1390 Latinos
722 1327 915 1404 mirandum,
943 1328 1007 1392 hac
1031 1330 1234 1394 obscuritate
1260 1331 1413 1398 obrutum

315 1450 388 1493 esse
431 1435 695 1512 expectaremus
710 1419 714 1448 ³
732 1429 796 1492 nisi
839 1429 954 1494 forsan
978 1427 1285 1509 ‘consideraremus
1324 1433 1413 1498 idem

313 1532 486 1615 AEschylo,
509 1530 702 1595 Graecorum
721 1530 944 1612 tragoedorum
960 1531 1050 1608 duci,
1073 1538 1106 1596 et
1129 1535 1230 1595 etiarn
1250 1532 1412 1615 Homero,

292 1634 487 1719 'poctarum
502 1635 646 1700 omnium
661 1635 814 1717 principi,
836 1636 1034 1716 contigisse:
1057 1641 1089 1700 ct
1111 1635 1296 1702 mehercule
1305 1639 1412 1704 homi-

291 1727 363 1802 fnis
378 1739 546 1820 ingenium
561 1737 675 1802 sedulo
688 1735 902 1819 perpendenti
916 1737 1003 1803 idem
1017 1737 1176 1820 historico
1190 1739 1241 1802 illi
1265 1740 1409 1806 celeber·

291 1840 396 1904 ·rimo
411 1839 578 1903 accidisse
591 1857 658 1902 non
668 1838 789 1915 mirum
806 1837 983 1902 ridebitur.
1341 1907 1346 1914 ,

292 1951 300 1974 ‘
356 1941 487 2005 Horum
502 1940 656 2017 casuum,
676 1939 915 2018 discriminum,
937 1945 970 2006 ct
993 1940 1157 2022 lapsuum,
1183 1943 1323 2010 literatis
1338 1953 1408 2013 tam

290 2041 547 2122 'deflendorum
570 2063 683 2110 causae
699 2043 776 2107 sunt
797 2043 1008 2128 multiplices,
1031 2063 1170 2126 quarum
1191 2046 1272 2110 inter
1286 2047 1409 2130 prima·

309 2148 377 2211 rias
391 2148 452 2211 fuit
465 2147 683 2229 proculdubio
703 2146 776 2209 dira
790 2146 849 2210 illa
863 2151 1010 2210 roceam
1027 2145 1164 2210 duarum
1177 2149 1290 2230 magni
1304 2150 1409 2220 nomi·

292 2245 363 2310 'ni's
387 2243 684 2322 Bibliothecarum,
708 2246 1092 2330 Constantinopolitanae
1107 2255 1142 2310 et
1157 2245 1406 2326 Alexandrinae,

286 2349 453 2412 :flammis
466 2347 709 2438 devorantibus,
724 2347 832 2410 ruina.
877 2346 946 2412 His
959 2350 1071 2412 causis
1086 2348 1302 2431 adjicerentur
1317 2350 1406 2428 nliae,

289 2450 432 2534 vquibus
457 2469 535 2512 vero
558 2451 660 2514 etiam
682 2448 925 2534 praetermissis,
950 2458 1129 2533 supersunt
1150 2470 1226 2532 quae
1242 2469 1309 2513 rem
1324 2451 1407 2518 dilu-

285 2578 294 2588 ·
308 2552 420 2616 cidare
428 2552 568 2634 possint.
587 2552 1036 2634 Superstitio,‘somnolentia,
1047 2558 1079 2616 et
1090 2551 1291 2632 ignorantia,
1304 2551 1406 2626 immo

287 2645 513 2737 'ipsa'studia
535 2656 841 2738 occupationesque
868 2654 1128 2719 monasticorum
1153 2652 1313 2720 interioris
1340 2654 1407 2720 aevi

309 2755 371 2819 has
399 2758 485 2821 inter
512 2751 642 2820 'causas
670 2758 820 2840 inprimis
850 2756 1104 2824 annumerandae
1130 2761 1215 2820 sunt.
1269 2753 1406 2838 Quippe
1432 2745 1443 2817 ζ

307 2857 454 2922 homines
482 2857 623 2942 hnjusce
644 2857 762 2922 farinae
786 2857 920 2922 scholas
945 2859 1102 2939 regebant
1127 2865 1253 2935 ontneS,
1285 2861 1406 2923 cuncta

306 2961 373 3026 t'crc
396 2960 533 3047 publica
546 2961 661 3023 munia
684 2961 910 3043 occupabant;
934 2967 1032 3044 atquc
1055 2962 1126 3028 suis
1149 2980 1280 3043 semper
1304 2957 1405 3024 nimis

304 3061 524 3145 indulgentes,
558 3059 688 3145 poetas,
719 3080 859 3144 quorum
889 3081 996 3126 mores
1025 3064 1135 3128 minus
1164 3062 1403 3145 approbabant,

304 3171 339 3230 et
361 3165 546 3241 historicos,
569 3183 711 3247 quorum
733 3163 859 3246 scripta
886 3183 952 3230 non
977 3164 1207 3245 intelligebant,
1231 3163 1311 3245 quid
1344 3161 1405 3226 mi·

280 3285 388 3342 «rum,
412 3268 454 3343 si,
481 3267 582 3329 modo
611 3287 677 3331 nou
702 3267 935 3348 disperderent,
960 3266 1050 3349 quod
1069 3271 1180 3330 tamen
1204 3265 1315 3348 ipsum
1337 3282 1404 3328 non

303 3386 379 3433 raro
403 3370 476 3430 ausi
506 3375 594 3443 sunt,
627 3370 850 3450 negligerentl
896 3370 1006 3448 Nugis
1030 3369 1170 3443 canoris,
1193 3366 1403 3430 historiarum

303 3468 456 3544 somniis,
479 3488 584 3550 usque
604 3468 649 3531 ad
662 3469 833 3533 fastidium
849 3469 1080 3545 allaborantes,
1103 3463 1248 3532 Graecas
1263 3473 1296 3532 et
1311 3467 1403 3532 Lati·

301 3591 365 3636 nas
381 3570 558 3652 elegantias
573 3569 628 3632 vcl
641 3588 702 3651 pro
716 3569 820 3633 nihilo
833 3568 888 3632 val
902 3588 962 3652 pro
975 3567 1125 3650 prolenis
1138 3571 1312 3652 putabant.

344 3674 397 3742 De
419 3671 471 3733 his
494 3689 571 3736 vcro
595 3671 694 3733 rebus
716 3670 887 3754 copiosius
911 3669 1069 3732 disserere
1087 3670 1335 3753 relinquendum
1348 3676 1400 3738 est

299 3775 388 3841 aliis.
433 3773 533 3851 Quod
548 3771 591 3836 ad
615 3771 770 3838 Tacitum
793 3771 946 3854 pertinet,
966 3771 1074 3857 cujus,
1098 3775 1135 3836 ut
1151 3771 1224 3855 jam
1243 3773 1400 3864 diximus,

299 3866 432 3940 codices
446 3875 543 3938 valde
564 3875 629 3937 rari
648 3882 734 3952 sunt,
757 3874 871 3937 eadem
886 3874 1065 3937 infortunia
1077 3893 1154 3957 quae
1170 3881 1296 3938 ceteros
1311 3873 1400 3940 clas·

299 3978 389 4042 eicos
403 3979 454 4040 rel
481 3978 723 4054 destruxerant,
746 3977 800 4040 vel
815 3977 1103 4053 obumbraverant,
1128 3977 1179 4039 vel
1203 3975 1397 4056 deturpave-

299 4083 381 4164 rant,
403 4079 496 4144 illum
522 4078 741 4161 proculdubio
762 4081 1035 4160 suppresserunt:
1058 4083 1090 4140 et
1104 4076 1247 4161 quidem,
1271 4079 1309 4136 ut
1322 4073 1396 4158 opi-

298 4197 426 4258 nemur,
446 4180 496 4244 illi
509 4182 667 4246 historico
682 4181 838 4265 quaedam
851 4179 959 4262 ma'gis
982 4178 1128 4267 propria
1171 4175 1249 4258 Qun
1271 4175 1396 4243 ecum
