3200 4917
289 346 377 410 4510
647 361 678 410 r.
703 361 812 410 cursu
840 359 1035 410 excursus

288 507 376 556 ‘Eece
386 505 601 554 annuavotcrum
612 503 846 567 nuncupatio,quid
858 503 975 553 videtur?
992 505 1080 554 Prima
1088 505 1113 553 ic
1122 503 1265 568 principiis,
1276 507 1390 558 secunda

290 587 317 635 ln
328 585 472 649 capitoliis.
503 583 603 647 Accipe
619 591 679 646 post
689 584 754 642 loca,
766 592 794 631 et
805 583 893 632 verba.
928 584 1005 634 Hunc
1025 584 1070 632 tibi
1081 585 1187 648 Jupiter
1204 585 1294 634 bovem
1307 587 1390 636 corni-

289 666 337 720 bus
357 679 419 714 suro
437 664 564 714 decoratis
582 677 703 713 voremus
720 679 777 712 esne
794 663 928 713 futurum!
962 665 1012 713 Ubi
1031 671 1060 713 et
1078 663 1196 713 sormulae
1209 679 1283 727 pars3
1303 655 1389 732 inqua

289 752 378 795 tamea
388 745 500 807 corrigo,
510 759 558 793 esse
569 743 701 804 jacturatus
734 746 783 794 Est
792 745 861 794 enim
872 759 902 793 eo
915 747 1034 808 exemplo
1046 745 1154 806 dictum,
1165 761 1215 809 qno
1234 746 1295 794 illud
1309 745 1391 797 Grac·

289 825 346 875 elsi:
362 825 468 874 ‘Credo
490 839 539 888 ego
560 825 674 876 inimicos
692 840 764 874 meos
782 826 831 874 boc
851 825 1000 874 dicturum!
1035 825 1099 873 Dies
1120 825 1160 874 lric
1178 821 1282 890 publice'
1294 827 1389 892 ¹laetos3

226 937 231 944 -
289 904 400 968 ideoque
415 903 516 953 ‘AElisss
538 905 626 953 Cesar
644 906 770 953 Votorum
787 918 878 952 canosa
898 903 931 952 eb
955 903 1088 953 Hadriano
1108 905 1190 969 lugeri
1212 913 1253 972 est
1273 908 1389 958 vetitus!

288 983 412 1034 Eumdesn
424 985 502 1032 etism
512 984 642 1034 Sollennia
661 983 741 1032 ἃιλῦς
759 985 931 1048 appellarunt.
965 985 1046 1048 Quod·
1061 985 1170 1050 observo
1190 1001 1222 1034 ex
1237 987 1388 1036 Tertulliani

285 1065 328 1125 lais
340 1064 438 1114 uerbis:
455 1065 550 1114 ‘Verre
561 1065 692 1127 religionis
704 1065 818 1114 bomiues
829 1065 908 1113 etiam
919 1064 1040 1113 Solennia
1055 1064 1244 1127 Imperatorum
1256 1067 1388 1116 eonscien-

288 1145 326 1194 tis
336 1143 431 1208 potios,
441 1159 516 1210 quarn
528 1145 634 1194 lascivia
644 1146 786 1196 celebrant.
804 1145 908 1194 Grande
920 1143 1042 1194 videlicet
1054 1141 1165 1193 officium
1177 1143 1248 1194 focos
1257 1153 1284 1194 et
1295 1148 1387 1198 cborcs

288 1223 388 1287 [nescio
399 1237 442 1284 an,
453 1223 541 1283 tlsoros,
552 1230 582 1272 nt
593 1224 624 1272 ad
636 1224 797 1274 lectisternia
808 1223 949 1285 referatur]
966 1223 993 1272 in
1011 1223 1140 1287 publicum
1151 1223 1274 1287 educere,
1284 1226 1388 1276 vicatim

285 1304 397 1366 epulari,
417 1302 551 1352 ciuitatem
574 1302 689 1352 tabernae
711 1303 801 1353 babitu
825 1301 994 1352 abolefacere.
1036 1303 1161 1352 Haecciue
1184 1303 1312 1353 sollennes
1331 1305 1387 1355 dies

289 1382 433 1447 principum
451 1381 556 1445 decent,
571 1399 629 1448 qum
649 1385 712 1433 ulios
729 1384 784 1433 dies
801 1382 980 1432 condecent?
998 1383 1022 1432 0
1041 1398 1086 1432 nos
1102 1384 1194 1432 merito
1213 1369 1387 1436 damnsndcsi

288 1463 341 1511 Cur
352 1461 419 1510 eninr
430 1460 499 1510 l'ota
507 1469 536 1512 et
547 1464 640 1526 gaudia
649 1465 779 1514 Ceterum
791 1463 857 1513 casti
865 1471 893 1512 et
902 1463 980 1513 sobrii
991 1472 1019 1513 et
1030 1463 1105 1528 probi
1116 1463 1312 1530 expungimus?

445 2325 729 2403 EXCURSUS
747 2325 826 2401 AD
848 2323 988 2400 HIST.
1015 2324 1122 2399 LIB.
1144 2325 1221 2400 ΙΙΙ.

817 2529 851 2579 Α.

316 2660 386 2710 Cur.
404 2665 429 2709 5.
446 2659 583 2709 emersura
596 2667 625 2709 ut
637 2659 829 2709 transmitteret
846 2659 873 2708 isr
889 2659 993 2709 ltaliam
1013 2659 1117 2723 impune
1138 2664 1165 2707 et
1185 2673 1216 2708 eo
1234 2657 1291 2707 usui
1303 2657 1384 2720 soret,

282 2739 408 2803 scriptum
419 2739 533 2803 Aponio,
542 2748 572 2789 ut
582 2755 634 2790 uns
653 2755 711 2790 cum
731 2740 841 2791 Moesico
858 2741 975 2790 exercitu
995 2741 1129 2789 celeraret.
1164 2737 1204 2788 Ac
1222 2752 1255 2788 ne
1274 2739 1382 2788 inermes

282 2819 421 2883 provincia.
433 2820 548 2870 barbaris
558 2821 703 2870 nationibus
714 2828 919 2883 exponerentur,
928 2819 1058 2882 principes
1070 2821 1244 2868 Sarmatarum
1254 2817 1382 2881 Jazyguns

282 2901 310 2950 in
330 2899 507 2950 commilitium
525 2901 631 2961 adsciti;
659 2901 761 2964 plebem
781 2915 883 2964 qnoque
903 2907 930 2949 et
948 2899 997 2948 uim
1016 2899 1131 2964 equitnm
1151 2912 1200 2962 qua
1220 2900 1274 2947 solu
1295 2897 1381 2947 valent

281 2977 443 3044 offerebant:
462 2980 596 3030 remissurn
608 2980 634 3029 id
644 2995 735 3029 munus
750 2993 786 3028 ne
806 2980 875 3030 inter
895 2978 1038 3029 discordias
1058 2986 1167 3028 externa
1180 2979 1338 3036 molirentur,
1349 2989 1380 3026 so

281 3061 380 3125 majore
391 3076 425 3110 ex
441 3061 541 3110 diverso
552 3060 672 3110 mercede
685 3061 731 3125 jus
749 3057 841 3123 fasque
853 3065 990 3108 exuerent.
1021 3057 1171 3106 Trabnntnr
1182 3058 1207 3104 in
1220 3063 1307 3120 partes
1319 3055 1381 3104 Sido

282 3148 361 3204 atque
374 3141 481 3190 Italicus
498 3156 572 3204 reges
582 3141 734 3200 Suevoruns,
744 3139 836 3204 quibus
856 3146 931 3188 uetur
947 3137 1096 3203 obsequium
1111 3152 1173 3202 erga
1192 3136 1267 3199 Rpm.
1280 3143 1308 3184 et
1319 3149 1382 3198 gens

281 3219 342 3268 fidei
353 3221 493 3267 commissae
505 3221 645 3282 patientior
656 3237 663 3282 ;
682 3220 805 3283 opposita
816 3219 842 3267 in
852 3220 920 3268 latus
932 3219 1035 3276 auxilia,
1054 3217 1149 3267 infesta
1161 3217 1254 3275 Raetia,
1265 3215 1308 3262 cui
1320 3215 1385 3262 Por·

281 3298 337 3348 cius
355 3297 496 3359 Septimius
516 3306 669 3360 procurator
691 3306 749 3347 erat
770 3299 927 3361 incorrupte
951 3311 1015 3359 erga
1035 3295 1170 3342 Vitellium
1191 3292 1261 3340 fidei.
1294 3291 1381 3356 igitur

279 3375 402 3428 Sextilius
413 3376 486 3424 Felix
498 3391 557 3425 cnm
568 3378 609 3426 sla
619 3377 747 3426 Tauriana
758 3383 785 3424 et
798 3390 860 3424 rrrr.
873 3376 1022 3425 colrortibns
1033 3387 1062 3422 ac
1080 3373 1232 3422 Noricorum
1239 3372 1382 3436 juventute

280 3457 313 3507 sd
324 3456 504 3520 occupandum
517 3457 597 3520 ripam
610 3459 666 3507 AEni
675 3456 796 3518 fluminis,
808 3457 875 3522 qnod
894 3457 982 3504 Raetos
1000 3455 1161 3518 Noricosque
1176 3452 1312 3518 interfluit,
1324 3455 1383 3504 mis-

282 3553 334 3598 sus,
345 3551 393 3587 nee
405 3537 454 3586 illis
473 3543 519 3587 aut
535 3538 575 3587 lris
586 3539 705 3604 proelinm
724 3537 886 3587 tentantibus
903 3535 1008 3585 fortuna
1028 3535 1140 3600 partium
1160 3534 1220 3582 alibi
1242 3541 1382 3585 trausacto.

279 3616 395 3666 Antonio
415 3617 559 3666 vexillarios
576 3633 591 3667 e
619 3617 766 3667 cohortibus
785 3623 813 3665 et
834 3622 935 3678 partem
960 3615 1076 3680 equitum
1096 3613 1207 3680 rapienti
1227 3628 1313 3662 comes
1332 3611 1382 3662 t'uit

279 3695 372 3746 Arrius
385 3697 477 3759 Varus,
488 3704 605 3745 strenuus
617 3697 702 3757 beilo;
718 3710 794 3760 quam
807 3693 913 3758 gloriam
935 3699 962 3744 et
981 3694 1034 3744 dux
1046 3694 1159 3746 Corbulo
1171 3699 1198 3743 et
1212 3707 1341 3757 prosperat
1354 3693 1381 3742 in

277 3775 402 3825 Armenia
414 3792 455 3826 res
466 3777 629 3826 addiderant.
663 3777 737 3826 idem
749 3777 857 3828 secretis
870 3775 938 3839 apud
958 3777 1089 3826 Neronem
1109 3775 1270 3825 sermonibus
1281 3773 1381 3822 t'erebs·

280 3863 323 3904 tur
350 3857 503 3906 Corbulonis
529 3858 639 3907 virtutes
666 3858 823 3906 criminatus.
868 3857 944 3905 Unde
970 3855 1058 3906 infami
1081 3857 1165 3922 gratia
1187 3854 1378 3919 primunrpiluus
1412 3885 1416 3896 .

280 3932 386 3996 adepto,
398 3935 459 3983 lucta
468 3937 501 3984 ad
514 3952 627 4000 praesens
637 3938 703 3986 male
715 3943 798 4000 porta,
807 3950 865 3984 mox
875 3935 901 3984 in
913 3937 1055 3998 perniciem
1067 3945 1177 3985 vertere.
1210 3934 1261 3984 Sed
1275 3933 1378 3982 Primus

279 4028 310 4062 ac
320 4012 403 4062 Varus
414 4023 573 4078 occupantes
582 4016 710 4082 Aquileiae
727 4017 844 4081 proxima
857 4031 975 4080 quaeque,
986 4023 1013 4066 et
1026 4016 1157 4080 Opitergii
1174 4023 1201 4065 et
1212 4013 1294 4064 Altini
1310 4012 1379 4062 iretis

280 4090 372 4140 animis
382 4094 554 4156 accipiuntur.
587 4095 718 4146 Relictam
729 4096 814 4146 Altini
832 4093 977 4159 praesidium
990 4095 1113 4145 aduersus
1125 4096 1233 4144 classem
1246 4095 1379 4144 Muenna·

276 4179 343 4252 ntem,
364 4172 476 4222 nondum
496 4173 645 4227 desectione
661 4177 718 4240 ejus
736 4176 834 4228 andita.
867 4173 934 4224 lude
953 4175 1092 4226 Patauium
1106 4181 1134 4224 et
1151 4175 1243 4224 Ateste
1262 4173 1380 4239 partibus
