<?xml version="1.0" encoding="UTF-8"?>
<!DOCTYPE html PUBLIC "-//W3C//DTD XHTML 1.0 Transitional//EN"
    "http://www.w3.org/TR/xhtml1/DTD/xhtml1-transitional.dtd">
<html xmlns="http://www.w3.org/1999/xhtml" xml:lang="en" lang="en">
 <head>
  <title>
</title>
<meta http-equiv="Content-Type" content="text/html;charset=utf-8" />
  <meta name='ocr-system' content='tesseract 3.04.00' />
  <meta name='ocr-capabilities' content='ocr_page ocr_carea ocr_par ocr_line ocrx_word'/>
</head>
<body>
  <div class='ocr_page' id='page_1' title='image "./operaomnia04tacigoog/operaomnia04tacigoog_0128.png"; bbox 0 0 3200 4917; ppageno 0'>
   <div class='ocr_carea' id='block_1_1' title="bbox 306 381 1051 451">
    <p class='ocr_par' dir='ltr' id='par_1_1' title="bbox 306 381 1051 451">
     <span class='ocr_line' id='line_1_1' title="bbox 306 381 1051 451; baseline 0.005 -4"><span class='ocrx_word' id='word_1_1' title='bbox 306 381 394 448; x_wconf 77' lang='lat' dir='ltr'>tono</span> <span class='ocrx_word' id='word_1_2' title='bbox 660 399 690 450; x_wconf 89' lang='grc' dir='ltr'>ι.</span> <span class='ocrx_word' id='word_1_3' title='bbox 714 399 825 450; x_wconf 76' lang='lat' dir='ltr'>ursan</span> <span class='ocrx_word' id='word_1_4' title='bbox 852 396 1051 451; x_wconf 79' lang='lat' dir='ltr'>nxounsus</span> 
     </span>
    </p>
   </div>
   <div class='ocr_carea' id='block_1_2' title="bbox 305 541 1456 2539">
    <p class='ocr_par' dir='ltr' id='par_1_2' title="bbox 305 541 1456 2539">
     <span class='ocr_line' id='line_1_2' title="bbox 305 541 1406 612; baseline 0.005 -19"><span class='ocrx_word' id='word_1_5' title='bbox 305 541 434 605; x_wconf 82' lang='lat' dir='ltr'>iuscripta</span> <span class='ocrx_word' id='word_1_6' title='bbox 445 541 485 592; x_wconf 83' lang='lat' dir='ltr'>vei</span> <span class='ocrx_word' id='word_1_7' title='bbox 498 541 627 605; x_wconf 82' lang='lat' dir='ltr'>insculpta</span> <span class='ocrx_word' id='word_1_8' title='bbox 637 541 710 591; x_wconf 83' lang='lat' dir='ltr'>brevi</span> <span class='ocrx_word' id='word_1_9' title='bbox 722 542 808 607; x_wconf 74' lang='lat' dir='ltr'>iiguo;</span> <span class='ocrx_word' id='word_1_10' title='bbox 826 544 894 594; x_wconf 89' lang='lat' dir='ltr'>uude</span> <span class='ocrx_word' id='word_1_11' title='bbox 904 545 1023 594; x_wconf 75' lang='lat' dir='ltr'>&#39;resuere</span> <span class='ocrx_word' id='word_1_12' title='bbox 1033 557 1126 595; x_wconf 86' lang='lat' dir='ltr'>numen</span> <span class='ocrx_word' id='word_1_13' title='bbox 1138 562 1144 594; x_wconf 75' lang='grc' dir='ltr'><strong>ε</strong></span> <span class='ocrx_word' id='word_1_14' title='bbox 1162 545 1196 596; x_wconf 86' lang='lat' dir='ltr'>de</span> <span class='ocrx_word' id='word_1_15' title='bbox 1207 559 1258 612; x_wconf 83' lang='lat' dir='ltr'>qno</span> <span class='ocrx_word' id='word_1_16' title='bbox 1269 545 1406 612; x_wconf 75' lang='lat' dir='ltr'>Polybium</span> 
     </span>
     <span class='ocr_line' id='line_1_3' title="bbox 307 621 1409 690; baseline 0.005 -17"><span class='ocrx_word' id='word_1_17' title='bbox 307 623 350 673; x_wconf 88' lang='lat' dir='ltr'>adi</span> <span class='ocrx_word' id='word_1_18' title='bbox 360 621 405 672; x_wconf 89' lang='lat' dir='ltr'>tib.</span> <span class='ocrx_word' id='word_1_19' title='bbox 415 635 452 673; x_wconf 82' lang='grc' dir='ltr'>ιι.</span> <span class='ocrx_word' id='word_1_20' title='bbox 460 629 488 672; x_wconf 86' lang='lat' dir='ltr'>st</span> <span class='ocrx_word' id='word_1_21' title='bbox 496 621 544 671; x_wconf 90' lang='lat' dir='ltr'>sub</span> <span class='ocrx_word' id='word_1_22' title='bbox 553 622 638 687; x_wconf 80' lang='lat' dir='ltr'>lmpp.</span> <span class='ocrx_word' id='word_1_23' title='bbox 649 623 737 672; x_wconf 78' lang='lat' dir='ltr'>vocale</span> <span class='ocrx_word' id='word_1_24' title='bbox 748 623 774 672; x_wconf 91' lang='lat' dir='ltr'>id</span> <span class='ocrx_word' id='word_1_25' title='bbox 785 623 896 686; x_wconf 79' lang='lat' dir='ltr'>signnm.</span> <span class='ocrx_word' id='word_1_26' title='bbox 928 624 1035 674; x_wconf 80' lang='lat' dir='ltr'>Dabunt</span> <span class='ocrx_word' id='word_1_27' title='bbox 1046 629 1132 675; x_wconf 86' lang='lat' dir='ltr'>antem</span> <span class='ocrx_word' id='word_1_28' title='bbox 1143 627 1295 690; x_wconf 88' lang='lat' dir='ltr'>pierumque</span> <span class='ocrx_word' id='word_1_29' title='bbox 1306 627 1409 679; x_wconf 78' lang='lat' dir='ltr'>nomina</span> 
     </span>
     <span class='ocr_line' id='line_1_4' title="bbox 307 703 1456 777; baseline 0.006 -25"><span class='ocrx_word' id='word_1_30' title='bbox 307 704 423 767; x_wconf 85' lang='lat' dir='ltr'>deorum,</span> <span class='ocrx_word' id='word_1_31' title='bbox 441 703 620 777; x_wconf 81' lang='lat' dir='ltr'>autberoum:</span> <span class='ocrx_word' id='word_1_32' title='bbox 639 705 718 753; x_wconf 83' lang='lat' dir='ltr'>etiam</span> <span class='ocrx_word' id='word_1_33' title='bbox 730 703 829 754; x_wconf 70' lang='lat' dir='ltr'>Greci.</span> <span class='ocrx_word' id='word_1_34' title='bbox 866 705 1004 755; x_wconf 80' lang='lat' dir='ltr'>Pausanias</span> <span class='ocrx_word' id='word_1_35' title='bbox 1022 705 1089 756; x_wconf 91' lang='lat' dir='ltr'>iibru</span> <span class='ocrx_word' id='word_1_36' title='bbox 1108 714 1138 757; x_wconf 77' lang='lat' dir='ltr'>x.</span> <span class='ocrx_word' id='word_1_37' title='bbox 1153 705 1408 773; x_wconf 81' lang='lat' dir='ltr'>‘Cumutrimques</span> <span class='ocrx_word' id='word_1_38' title='bbox 1454 727 1456 732; x_wconf 69' lang='grc'>’</span> 
     </span>
     <span class='ocr_line' id='line_1_5' title="bbox 307 782 1409 853; baseline 0.007 -21"><span class='ocrx_word' id='word_1_39' title='bbox 307 782 414 833; x_wconf 87' lang='lat' dir='ltr'>dacibus</span> <span class='ocrx_word' id='word_1_40' title='bbox 425 783 459 832; x_wconf 90' lang='lat' dir='ltr'>de</span> <span class='ocrx_word' id='word_1_41' title='bbox 469 797 540 833; x_wconf 90' lang='lat' dir='ltr'>more</span> <span class='ocrx_word' id='word_1_42' title='bbox 551 783 626 834; x_wconf 84' lang='lat' dir='ltr'>militi</span> <span class='ocrx_word' id='word_1_43' title='bbox 636 790 743 834; x_wconf 69' lang='lat' dir='ltr'>tessere</span> <span class='ocrx_word' id='word_1_44' title='bbox 765 785 897 849; x_wconf 85' lang='lat' dir='ltr'>darentur,</span> <span class='ocrx_word' id='word_1_45' title='bbox 912 785 1020 836; x_wconf 88' lang='lat' dir='ltr'>fortuitu</span> <span class='ocrx_word' id='word_1_46' title='bbox 1035 787 1068 837; x_wconf 84' lang='lat' dir='ltr'>sd</span> <span class='ocrx_word' id='word_1_47' title='bbox 1087 789 1181 838; x_wconf 82' lang='lat' dir='ltr'>oraculi</span> <span class='ocrx_word' id='word_1_48' title='bbox 1194 788 1272 840; x_wconf 86' lang='lat' dir='ltr'>verba</span> <span class='ocrx_word' id='word_1_49' title='bbox 1283 789 1409 853; x_wconf 63' lang='lat' dir='ltr'>apposite</span> 
     </span>
     <span class='ocr_line' id='line_1_6' title="bbox 308 863 1408 932; baseline 0.005 -20"><span class='ocrx_word' id='word_1_50' title='bbox 308 863 376 914; x_wconf 77' lang='lat' dir='ltr'>datas</span> <span class='ocrx_word' id='word_1_51' title='bbox 387 870 457 925; x_wconf 90' lang='lat' dir='ltr'>snut,</span> <span class='ocrx_word' id='word_1_52' title='bbox 479 863 635 913; x_wconf 74' lang='lat' dir='ltr'>a&#39;i&#39;bessaiis</span> <span class='ocrx_word' id='word_1_53' title='bbox 647 864 731 913; x_wconf 83' lang='lat' dir='ltr'>Itonia</span> <span class='ocrx_word' id='word_1_54' title='bbox 751 864 880 928; x_wconf 77' lang='lat' dir='ltr'>Minerva,</span> <span class='ocrx_word' id='word_1_55' title='bbox 894 865 915 914; x_wconf 87' lang='lat' dir='ltr'>&#39;a</span> <span class='ocrx_word' id='word_1_56' title='bbox 933 866 1111 917; x_wconf 79' lang='lat' dir='ltr'>Phoceusibus</span> <span class='ocrx_word' id='word_1_57' title='bbox 1132 868 1217 932; x_wconf 77' lang='lat' dir='ltr'>gentis</span> <span class='ocrx_word' id='word_1_58' title='bbox 1239 869 1408 919; x_wconf 84' lang='lat' dir='ltr'>suctuero·</span> 
     </span>
     <span class='ocr_line' id='line_1_7' title="bbox 307 943 1409 1012; baseline 0.003 -17"><span class='ocrx_word' id='word_1_59' title='bbox 307 945 372 995; x_wconf 86' lang='lat' dir='ltr'>ous.’</span> <span class='ocrx_word' id='word_1_60' title='bbox 406 944 492 994; x_wconf 80' lang='lat' dir='ltr'>Etiam</span> <span class='ocrx_word' id='word_1_61' title='bbox 501 943 601 1004; x_wconf 76' lang='lat' dir='ltr'>Persae,</span> <span class='ocrx_word' id='word_1_62' title='bbox 611 944 632 992; x_wconf 87' lang='lat' dir='ltr'>si</span> <span class='ocrx_word' id='word_1_63' title='bbox 645 943 814 1008; x_wconf 79' lang='lat' dir='ltr'>Xenophonti</span> <span class='ocrx_word' id='word_1_64' title='bbox 825 943 891 994; x_wconf 86' lang='lat' dir='ltr'>tides</span> <span class='ocrx_word' id='word_1_65' title='bbox 902 945 946 996; x_wconf 85' lang='lat' dir='ltr'>lib.</span> <span class='ocrx_word' id='word_1_66' title='bbox 959 959 1009 996; x_wconf 84' lang='lat' dir='ltr'>vn.</span> <span class='ocrx_word' id='word_1_67' title='bbox 1021 946 1145 997; x_wconf 66' lang='lat' dir='ltr'>nausias:</span> <span class='ocrx_word' id='word_1_68' title='bbox 1164 955 1192 998; x_wconf 90' lang='lat' dir='ltr'>et</span> <span class='ocrx_word' id='word_1_69' title='bbox 1202 961 1244 1000; x_wconf 90' lang='grc' dir='ltr'><strong>ιιι.</strong></span> <span class='ocrx_word' id='word_1_70' title='bbox 1256 949 1300 998; x_wconf 90' lang='lat' dir='ltr'>nbi</span> <span class='ocrx_word' id='word_1_71' title='bbox 1311 963 1327 998; x_wconf 86' lang='lat' dir='ltr'>a</span> <span class='ocrx_word' id='word_1_72' title='bbox 1338 949 1409 1012; x_wconf 82' lang='lat' dir='ltr'>Cyru</span> 
     </span>
     <span class='ocr_line' id='line_1_8' title="bbox 309 1022 1409 1091; baseline 0.003 -15"><span class='ocrx_word' id='word_1_73' title='bbox 309 1035 408 1076; x_wconf 88' lang='lat' dir='ltr'>tessera</span> <span class='ocrx_word' id='word_1_74' title='bbox 419 1027 480 1075; x_wconf 87' lang='lat' dir='ltr'>dats</span> <span class='ocrx_word' id='word_1_75' title='bbox 489 1023 546 1074; x_wconf 68' lang='lat' dir='ltr'>zeba</span> <span class='ocrx_word' id='word_1_76' title='bbox 556 1022 680 1086; x_wconf 73' lang='grc' dir='ltr'>σύμμαχος</span> <span class='ocrx_word' id='word_1_77' title='bbox 690 1025 730 1074; x_wconf 78' lang='lat' dir='ltr'>sai</span> <span class='ocrx_word' id='word_1_78' title='bbox 740 1023 850 1085; x_wconf 57' lang='lat' dir='ltr'>trucum:</span> <span class='ocrx_word' id='word_1_79' title='bbox 867 1023 975 1075; x_wconf 72' lang='lat' dir='ltr'>antZris</span> <span class='ocrx_word' id='word_1_80' title='bbox 984 1025 1069 1091; x_wconf 66' lang='grc' dir='ltr'><strong><em>σωτήρ.</em></strong></span> <span class='ocrx_word' id='word_1_81' title='bbox 1101 1027 1217 1079; x_wconf 85' lang='lat' dir='ltr'>Suetonii</span> <span class='ocrx_word' id='word_1_82' title='bbox 1229 1028 1279 1078; x_wconf 90' lang='lat' dir='ltr'>ioci</span> <span class='ocrx_word' id='word_1_83' title='bbox 1292 1028 1344 1078; x_wconf 88' lang='lat' dir='ltr'>bini</span> <span class='ocrx_word' id='word_1_84' title='bbox 1356 1043 1409 1080; x_wconf 91' lang='lat' dir='ltr'>non</span> 
     </span>
     <span class='ocr_line' id='line_1_9' title="bbox 308 1104 1411 1172; baseline 0.002 -16"><span class='ocrx_word' id='word_1_85' title='bbox 308 1107 363 1156; x_wconf 86' lang='lat' dir='ltr'>sani</span> <span class='ocrx_word' id='word_1_86' title='bbox 374 1107 400 1155; x_wconf 90' lang='lat' dir='ltr'>in</span> <span class='ocrx_word' id='word_1_87' title='bbox 411 1105 511 1156; x_wconf 84' lang='lat' dir='ltr'>haere:</span> <span class='ocrx_word' id='word_1_88' title='bbox 529 1107 598 1155; x_wconf 87' lang='lat' dir='ltr'>alter</span> <span class='ocrx_word' id='word_1_89' title='bbox 607 1106 662 1155; x_wconf 84' lang='lat' dir='ltr'>cai.</span> <span class='ocrx_word' id='word_1_90' title='bbox 674 1109 748 1153; x_wconf 56' lang='lat' dir='ltr'>cdii.</span> <span class='ocrx_word' id='word_1_91' title='bbox 760 1105 768 1132; x_wconf 79' lang='lat'><em>⁴</em></span> <span class='ocrx_word' id='word_1_92' title='bbox 778 1104 905 1168; x_wconf 75' lang='lat' dir='ltr'>Signum,&#39;</span> <span class='ocrx_word' id='word_1_93' title='bbox 916 1105 981 1170; x_wconf 45' lang='lat' dir='ltr'>ait,‚‘</span> <span class='ocrx_word' id='word_1_94' title='bbox 991 1121 1063 1155; x_wconf 88' lang='lat' dir='ltr'>more</span> <span class='ocrx_word' id='word_1_95' title='bbox 1071 1106 1170 1156; x_wconf 79' lang='lat' dir='ltr'>militine</span> <span class='ocrx_word' id='word_1_96' title='bbox 1179 1106 1288 1172; x_wconf 88' lang='lat' dir='ltr'>petisse:</span> <span class='ocrx_word' id='word_1_97' title='bbox 1306 1115 1334 1158; x_wconf 91' lang='lat' dir='ltr'>et</span> <span class='ocrx_word' id='word_1_98' title='bbox 1346 1109 1411 1159; x_wconf 84' lang='lat' dir='ltr'>Caio</span> 
     </span>
     <span class='ocr_line' id='line_1_10' title="bbox 306 1185 1410 1252; baseline -0.001 -13"><span class='ocrx_word' id='word_1_99' title='bbox 306 1189 401 1240; x_wconf 84' lang='lat' dir='ltr'>Jovern</span> <span class='ocrx_word' id='word_1_100' title='bbox 412 1186 501 1251; x_wconf 90' lang='lat' dir='ltr'>dante,</span> <span class='ocrx_word' id='word_1_101' title='bbox 512 1187 644 1236; x_wconf 77' lang='lat' dir='ltr'>Cbaeream</span> <span class='ocrx_word' id='word_1_102' title='bbox 655 1186 824 1247; x_wconf 70' lang='lat' dir='ltr'>exclamasse,</span> <span class='ocrx_word' id='word_1_103' title='bbox 844 1185 944 1249; x_wconf 81' lang='lat' dir='ltr'>Accipe</span> <span class='ocrx_word' id='word_1_104' title='bbox 958 1192 1040 1237; x_wconf 84' lang='lat' dir='ltr'>ratum</span> <span class='ocrx_word' id='word_1_105' title='bbox 1050 1185 1066 1237; x_wconf 73' lang='grc' dir='ltr'>ι’</span> <span class='ocrx_word' id='word_1_106' title='bbox 1081 1186 1124 1236; x_wconf 91' lang='lat' dir='ltr'>ubi</span> <span class='ocrx_word' id='word_1_107' title='bbox 1136 1187 1243 1238; x_wconf 86' lang='lat' dir='ltr'>restituo</span> <span class='ocrx_word' id='word_1_108' title='bbox 1254 1189 1410 1252; x_wconf 75' lang='lat' dir='ltr'>magnanimi</span> 
     </span>
     <span class='ocr_line' id='line_1_11' title="bbox 307 1265 1408 1330; baseline 0.002 -13"><span class='ocrx_word' id='word_1_109' title='bbox 307 1268 357 1317; x_wconf 85' lang='lat' dir='ltr'>viri</span> <span class='ocrx_word' id='word_1_110' title='bbox 368 1282 458 1318; x_wconf 81' lang='lat' dir='ltr'>nocem</span> <span class='ocrx_word' id='word_1_111' title='bbox 469 1267 559 1317; x_wconf 87' lang='lat' dir='ltr'>littera</span> <span class='ocrx_word' id='word_1_112' title='bbox 571 1266 668 1328; x_wconf 84' lang='lat' dir='ltr'>addita,</span> <span class='ocrx_word' id='word_1_113' title='bbox 676 1265 762 1329; x_wconf 72' lang='lat' dir='ltr'>Accipe</span> <span class='ocrx_word' id='word_1_114' title='bbox 771 1265 871 1315; x_wconf 78' lang='lat' dir='ltr'>iratam.</span> <span class='ocrx_word' id='word_1_115' title='bbox 890 1265 967 1316; x_wconf 77' lang='lat' dir='ltr'>Alter</span> <span class='ocrx_word' id='word_1_116' title='bbox 984 1281 1006 1317; x_wconf 91' lang='lat' dir='ltr'>c.</span> <span class='ocrx_word' id='word_1_117' title='bbox 1018 1271 1059 1317; x_wconf 79' lang='lat' dir='ltr'>tu.</span> <span class='ocrx_word' id='word_1_118' title='bbox 1093 1267 1101 1295; x_wconf 91' lang='lat'>‘</span> <span class='ocrx_word' id='word_1_119' title='bbox 1114 1266 1210 1316; x_wconf 82' lang='lat' dir='ltr'>solitus</span> <span class='ocrx_word' id='word_1_120' title='bbox 1221 1268 1297 1316; x_wconf 90' lang='lat' dir='ltr'>modo</span> <span class='ocrx_word' id='word_1_121' title='bbox 1308 1268 1408 1330; x_wconf 71' lang='lat' dir='ltr'>signum</span> 
     </span>
     <span class='ocr_line' id='line_1_12' title="bbox 307 1345 1410 1412; baseline 0.001 -16"><span class='ocrx_word' id='word_1_122' title='bbox 307 1347 418 1411; x_wconf 86' lang='lat' dir='ltr'>petenti,</span> <span class='ocrx_word' id='word_1_123' title='bbox 431 1345 553 1412; x_wconf 76' lang='lat' dir='ltr'><strong>Priapum</strong></span> <span class='ocrx_word' id='word_1_124' title='bbox 563 1353 609 1396; x_wconf 85' lang='lat' dir='ltr'>aut</span> <span class='ocrx_word' id='word_1_125' title='bbox 619 1347 746 1395; x_wconf 77' lang='lat' dir='ltr'>Venerem</span> <span class='ocrx_word' id='word_1_126' title='bbox 757 1345 838 1407; x_wconf 88' lang='lat' dir='ltr'>dare;</span> <span class='ocrx_word' id='word_1_127' title='bbox 855 1345 932 1394; x_wconf 91' lang='lat' dir='ltr'>modo</span> <span class='ocrx_word' id='word_1_128' title='bbox 950 1347 1115 1396; x_wconf 82' lang='lat' dir='ltr'>oscuiandam</span> <span class='ocrx_word' id='word_1_129' title='bbox 1134 1361 1237 1397; x_wconf 86' lang='lat' dir='ltr'>manum</span> <span class='ocrx_word' id='word_1_130' title='bbox 1248 1345 1341 1398; x_wconf 81' lang='lat' dir='ltr'>offerre</span> <span class='ocrx_word' id='word_1_131' title='bbox 1359 1347 1410 1399; x_wconf 78' lang='lat' dir='ltr'>ior·</span> 
     </span>
     <span class='ocr_line' id='line_1_13' title="bbox 307 1425 1409 1492; baseline 0.001 -15"><span class='ocrx_word' id='word_1_132' title='bbox 307 1433 403 1478; x_wconf 87' lang='lat' dir='ltr'>matam</span> <span class='ocrx_word' id='word_1_133' title='bbox 414 1435 617 1492; x_wconf 86' lang='lat' dir='ltr'>commotamque</span> <span class='ocrx_word' id='word_1_134' title='bbox 629 1427 656 1476; x_wconf 93' lang='lat' dir='ltr'>iu</span> <span class='ocrx_word' id='word_1_135' title='bbox 667 1427 816 1476; x_wconf 70' lang='lat' dir='ltr'>obscenum</span> <span class='ocrx_word' id='word_1_136' title='bbox 828 1425 950 1476; x_wconf 66' lang='lat' dir='ltr'>modum!</span> <span class='ocrx_word' id='word_1_137' title='bbox 984 1425 1055 1476; x_wconf 82' lang='lat' dir='ltr'>libri</span> <span class='ocrx_word' id='word_1_138' title='bbox 1070 1434 1135 1478; x_wconf 84' lang='lat' dir='ltr'>vett.</span> <span class='ocrx_word' id='word_1_139' title='bbox 1151 1428 1336 1492; x_wconf 73' lang='lat' dir='ltr'>sumiturque,</span> <span class='ocrx_word' id='word_1_140' title='bbox 1353 1435 1409 1492; x_wconf 87' lang='lat' dir='ltr'>ant,</span> 
     </span>
     <span class='ocr_line' id='line_1_14' title="bbox 307 1505 1410 1573; baseline 0.001 -15"><span class='ocrx_word' id='word_1_141' title='bbox 307 1513 497 1573; x_wconf 68' lang='lat' dir='ltr'>emmaque.</span> <span class='ocrx_word' id='word_1_142' title='bbox 529 1509 830 1572; x_wconf 64' lang='lat' dir='ltr'>stritugamtmpae.</span> <span class='ocrx_word' id='word_1_143' title='bbox 864 1505 1004 1558; x_wconf 83' lang='lat' dir='ltr'>Gammata</span> <span class='ocrx_word' id='word_1_144' title='bbox 1019 1521 1119 1570; x_wconf 88' lang='lat' dir='ltr'>manus,</span> <span class='ocrx_word' id='word_1_145' title='bbox 1139 1509 1243 1559; x_wconf 89' lang='lat' dir='ltr'>insertis</span> <span class='ocrx_word' id='word_1_146' title='bbox 1253 1509 1410 1560; x_wconf 86' lang='lat' dir='ltr'>commixtis·</span> 
     </span>
     <span class='ocr_line' id='line_1_15' title="bbox 309 1587 1410 1654; baseline 0.001 -16"><span class='ocrx_word' id='word_1_147' title='bbox 309 1603 360 1654; x_wconf 88' lang='lat' dir='ltr'>que</span> <span class='ocrx_word' id='word_1_148' title='bbox 370 1589 458 1652; x_wconf 75' lang='lat' dir='ltr'>digitis</span> <span class='ocrx_word' id='word_1_149' title='bbox 470 1589 501 1638; x_wconf 89' lang='lat' dir='ltr'>sd</span> <span class='ocrx_word' id='word_1_150' title='bbox 519 1587 629 1639; x_wconf 80' lang='lat' dir='ltr'>ius-nram</span> <span class='ocrx_word' id='word_1_151' title='bbox 646 1588 701 1653; x_wconf 83' lang='lat' dir='ltr'>ejus</span> <span class='ocrx_word' id='word_1_152' title='bbox 719 1588 830 1638; x_wconf 75' lang='lat' dir='ltr'>littere:</span> <span class='ocrx_word' id='word_1_153' title='bbox 848 1587 959 1653; x_wconf 84' lang='lat' dir='ltr'>quimus</span> <span class='ocrx_word' id='word_1_154' title='bbox 978 1589 1004 1637; x_wconf 91' lang='lat' dir='ltr'>in</span> <span class='ocrx_word' id='word_1_155' title='bbox 1016 1588 1093 1638; x_wconf 84' lang='lat' dir='ltr'>Italia</span> <span class='ocrx_word' id='word_1_156' title='bbox 1104 1595 1132 1639; x_wconf 89' lang='lat' dir='ltr'>et</span> <span class='ocrx_word' id='word_1_157' title='bbox 1144 1603 1221 1639; x_wconf 89' lang='lat' dir='ltr'>nnuc.</span> <span class='ocrx_word' id='word_1_158' title='bbox 1254 1589 1298 1639; x_wconf 84' lang='lat' dir='ltr'>Sic</span> <span class='ocrx_word' id='word_1_159' title='bbox 1309 1589 1410 1654; x_wconf 89' lang='lat' dir='ltr'>lapides</span> 
     </span>
     <span class='ocr_line' id='line_1_16' title="bbox 309 1669 1410 1735; baseline -0.001 -15"><span class='ocrx_word' id='word_1_160' title='bbox 309 1670 457 1720; x_wconf 86' lang='lat' dir='ltr'>Gammati:</span> <span class='ocrx_word' id='word_1_161' title='bbox 475 1684 526 1720; x_wconf 93' lang='lat' dir='ltr'>nun</span> <span class='ocrx_word' id='word_1_162' title='bbox 536 1671 618 1720; x_wconf 88' lang='lat' dir='ltr'>sulum</span> <span class='ocrx_word' id='word_1_163' title='bbox 634 1669 677 1735; x_wconf 90' lang='lat' dir='ltr'>qui</span> <span class='ocrx_word' id='word_1_164' title='bbox 688 1669 846 1734; x_wconf 83' lang='lat' dir='ltr'>insculptum</span> <span class='ocrx_word' id='word_1_165' title='bbox 859 1670 968 1719; x_wconf 85' lang='lat' dir='ltr'>Garama</span> <span class='ocrx_word' id='word_1_166' title='bbox 978 1670 1117 1734; x_wconf 84' lang='lat' dir='ltr'>habebant,</span> <span class='ocrx_word' id='word_1_167' title='bbox 1128 1671 1172 1720; x_wconf 87' lang='lat' dir='ltr'>sed</span> <span class='ocrx_word' id='word_1_168' title='bbox 1184 1670 1229 1735; x_wconf 88' lang='lat' dir='ltr'>qui</span> <span class='ocrx_word' id='word_1_169' title='bbox 1240 1670 1341 1719; x_wconf 78' lang='lat' dir='ltr'>literam</span> <span class='ocrx_word' id='word_1_170' title='bbox 1353 1681 1410 1720; x_wconf 87' lang='lat' dir='ltr'>earn</span> 
     </span>
     <span class='ocr_line' id='line_1_17' title="bbox 309 1748 1410 1814; baseline 0.001 -14"><span class='ocrx_word' id='word_1_171' title='bbox 309 1748 491 1814; x_wconf 76' lang='lat' dir='ltr'>exprimebant</span> <span class='ocrx_word' id='word_1_172' title='bbox 509 1749 656 1799; x_wconf 85' lang='lat' dir='ltr'>transversi.</span> <span class='ocrx_word' id='word_1_173' title='bbox 688 1749 807 1814; x_wconf 80' lang='lat' dir='ltr'>scriptor</span> <span class='ocrx_word' id='word_1_174' title='bbox 818 1749 999 1801; x_wconf 84' lang='lat' dir='ltr'>Gromaticus:</span> <span class='ocrx_word' id='word_1_175' title='bbox 1017 1749 1128 1800; x_wconf 81' lang='lat' dir='ltr'>‘Suieut</span> <span class='ocrx_word' id='word_1_176' title='bbox 1144 1749 1247 1800; x_wconf 86' lang='lat' dir='ltr'>termini</span> <span class='ocrx_word' id='word_1_177' title='bbox 1263 1763 1410 1813; x_wconf 80' lang='lat' dir='ltr'>occurrere,</span> 
     </span>
     <span class='ocr_line' id='line_1_18' title="bbox 309 1829 1410 1896; baseline 0.001 -18"><span class='ocrx_word' id='word_1_178' title='bbox 309 1831 354 1895; x_wconf 89' lang='lat' dir='ltr'>qui</span> <span class='ocrx_word' id='word_1_179' title='bbox 366 1830 465 1895; x_wconf 86' lang='lat' dir='ltr'>lapides</span> <span class='ocrx_word' id='word_1_180' title='bbox 475 1837 528 1880; x_wconf 90' lang='lat' dir='ltr'>tam</span> <span class='ocrx_word' id='word_1_181' title='bbox 537 1831 667 1895; x_wconf 80' lang='lat' dir='ltr'>longiores</span> <span class='ocrx_word' id='word_1_182' title='bbox 684 1836 743 1879; x_wconf 91' lang='lat' dir='ltr'>sunt</span> <span class='ocrx_word' id='word_1_183' title='bbox 760 1845 837 1895; x_wconf 89' lang='lat' dir='ltr'>quam</span> <span class='ocrx_word' id='word_1_184' title='bbox 856 1831 900 1896; x_wconf 90' lang='lat' dir='ltr'>qui</span> <span class='ocrx_word' id='word_1_185' title='bbox 919 1831 1023 1881; x_wconf 86' lang='lat' dir='ltr'>latiores</span> <span class='ocrx_word' id='word_1_186' title='bbox 1037 1829 1181 1894; x_wconf 86' lang='lat' dir='ltr'>sequendi:</span> <span class='ocrx_word' id='word_1_187' title='bbox 1198 1831 1248 1880; x_wconf 86' lang='lat' dir='ltr'>boc</span> <span class='ocrx_word' id='word_1_188' title='bbox 1260 1837 1310 1894; x_wconf 85' lang='lat' dir='ltr'>est,</span> <span class='ocrx_word' id='word_1_189' title='bbox 1331 1837 1376 1880; x_wconf 89' lang='lat' dir='ltr'>ant</span> <span class='ocrx_word' id='word_1_190' title='bbox 1388 1830 1410 1881; x_wconf 90' lang='lat' dir='ltr'>si</span> 
     </span>
     <span class='ocr_line' id='line_1_19' title="bbox 310 1909 1410 1976; baseline 0 -15"><span class='ocrx_word' id='word_1_191' title='bbox 310 1924 411 1961; x_wconf 81' lang='lat' dir='ltr'>ctrrsutn</span> <span class='ocrx_word' id='word_1_192' title='bbox 423 1911 536 1975; x_wconf 72' lang='lat' dir='ltr'>dirigunt</span> <span class='ocrx_word' id='word_1_193' title='bbox 546 1913 664 1973; x_wconf 84' lang='lat' dir='ltr'>lineares,</span> <span class='ocrx_word' id='word_1_194' title='bbox 681 1917 728 1961; x_wconf 90' lang='lat' dir='ltr'>aut</span> <span class='ocrx_word' id='word_1_195' title='bbox 746 1911 768 1961; x_wconf 89' lang='lat' dir='ltr'>si</span> <span class='ocrx_word' id='word_1_196' title='bbox 784 1925 885 1976; x_wconf 76' lang='lat' dir='ltr'>gamma</span> <span class='ocrx_word' id='word_1_197' title='bbox 903 1910 1000 1961; x_wconf 81' lang='lat' dir='ltr'>faciunt</span> <span class='ocrx_word' id='word_1_198' title='bbox 1021 1909 1178 1960; x_wconf 76' lang='lat' dir='ltr'>transversi!</span> <span class='ocrx_word' id='word_1_199' title='bbox 1210 1911 1283 1959; x_wconf 83' lang='lat' dir='ltr'>Maio</span> <span class='ocrx_word' id='word_1_200' title='bbox 1294 1911 1371 1960; x_wconf 80' lang='lat' dir='ltr'>etiarn</span> <span class='ocrx_word' id='word_1_201' title='bbox 1383 1911 1410 1961; x_wconf 89' lang='lat' dir='ltr'>iu</span> 
     </span>
     <span class='ocr_line' id='line_1_20' title="bbox 309 1989 1411 2057; baseline -0.001 -15"><span class='ocrx_word' id='word_1_202' title='bbox 309 1993 427 2042; x_wconf 85' lang='lat' dir='ltr'>Suetonii</span> <span class='ocrx_word' id='word_1_203' title='bbox 436 1993 665 2057; x_wconf 62' lang='lat' dir='ltr'>ruminabamus</span> <span class='ocrx_word' id='word_1_204' title='bbox 675 1994 769 2055; x_wconf 69' lang='lat' dir='ltr'>mam,</span> <span class='ocrx_word' id='word_1_205' title='bbox 779 2007 856 2056; x_wconf 86' lang='lat' dir='ltr'>quam</span> <span class='ocrx_word' id='word_1_206' title='bbox 867 1991 969 2042; x_wconf 75' lang='lat' dir='ltr'>modam.</span> <span class='ocrx_word' id='word_1_207' title='bbox 1002 1991 1076 2042; x_wconf 81' lang='lat' dir='ltr'>Facit</span> <span class='ocrx_word' id='word_1_208' title='bbox 1085 1990 1118 2040; x_wconf 85' lang='lat' dir='ltr'>ad</span> <span class='ocrx_word' id='word_1_209' title='bbox 1128 1992 1212 2041; x_wconf 86' lang='lat' dir='ltr'>iucem</span> <span class='ocrx_word' id='word_1_210' title='bbox 1223 1989 1325 2040; x_wconf 84' lang='lat' dir='ltr'>iufamia</span> <span class='ocrx_word' id='word_1_211' title='bbox 1335 1991 1411 2055; x_wconf 86' lang='lat' dir='ltr'>bnjns</span> 
     </span>
     <span class='ocr_line' id='line_1_21' title="bbox 310 2071 1412 2138; baseline -0.002 -16"><span class='ocrx_word' id='word_1_212' title='bbox 310 2073 376 2137; x_wconf 73' lang='lat' dir='ltr'>signi</span> <span class='ocrx_word' id='word_1_213' title='bbox 386 2072 527 2137; x_wconf 82' lang='lat' dir='ltr'>Lampridii</span> <span class='ocrx_word' id='word_1_214' title='bbox 536 2074 607 2124; x_wconf 90' lang='lat' dir='ltr'>iocus</span> <span class='ocrx_word' id='word_1_215' title='bbox 614 2073 764 2137; x_wconf 76' lang='lat' dir='ltr'>Eiigsbaiu:</span> <span class='ocrx_word' id='word_1_216' title='bbox 783 2073 896 2138; x_wconf 86' lang='lat' dir='ltr'>‘Neque</span> <span class='ocrx_word' id='word_1_217' title='bbox 908 2085 1026 2138; x_wconf 84' lang='lat' dir='ltr'>umquam</span> <span class='ocrx_word' id='word_1_218' title='bbox 1035 2071 1122 2122; x_wconf 82' lang='lat' dir='ltr'>verbio</span> <span class='ocrx_word' id='word_1_219' title='bbox 1131 2071 1252 2135; x_wconf 83' lang='lat' dir='ltr'>pepercit</span> <span class='ocrx_word' id='word_1_220' title='bbox 1266 2071 1412 2134; x_wconf 78' lang='lat' dir='ltr'>infamibus,</span> 
     </span>
     <span class='ocr_line' id='line_1_22' title="bbox 310 2151 1412 2218; baseline 0 -16"><span class='ocrx_word' id='word_1_221' title='bbox 310 2167 369 2202; x_wconf 90' lang='lat' dir='ltr'>cum</span> <span class='ocrx_word' id='word_1_222' title='bbox 389 2159 418 2202; x_wconf 93' lang='lat' dir='ltr'>et</span> <span class='ocrx_word' id='word_1_223' title='bbox 435 2153 523 2216; x_wconf 74' lang='lat' dir='ltr'>digitis</span> <span class='ocrx_word' id='word_1_224' title='bbox 541 2153 732 2218; x_wconf 83' lang='lat' dir='ltr'>impudicitiam</span> <span class='ocrx_word' id='word_1_225' title='bbox 743 2159 956 2214; x_wconf 83' lang='lat' dir='ltr'>ostentaret‚nec</span> <span class='ocrx_word' id='word_1_226' title='bbox 967 2153 1035 2204; x_wconf 88' lang='lat' dir='ltr'>uiius</span> <span class='ocrx_word' id='word_1_227' title='bbox 1054 2153 1079 2202; x_wconf 90' lang='lat' dir='ltr'>iu</span> <span class='ocrx_word' id='word_1_228' title='bbox 1099 2157 1230 2202; x_wconf 84' lang='lat' dir='ltr'>conventu</span> <span class='ocrx_word' id='word_1_229' title='bbox 1248 2157 1276 2202; x_wconf 87' lang='lat' dir='ltr'>et</span> <span class='ocrx_word' id='word_1_230' title='bbox 1290 2151 1412 2202; x_wconf 74' lang='lat' dir='ltr'>audiente</span> 
     </span>
     <span class='ocr_line' id='line_1_23' title="bbox 310 2231 1411 2300; baseline 0.001 -19"><span class='ocrx_word' id='word_1_231' title='bbox 310 2233 597 2300; x_wconf 74' lang='lat' dir='ltr'>pupuioessetpudor!</span> <span class='ocrx_word' id='word_1_232' title='bbox 629 2233 699 2282; x_wconf 84' lang='lat' dir='ltr'>Scies</span> <span class='ocrx_word' id='word_1_233' title='bbox 710 2233 819 2297; x_wconf 86' lang='lat' dir='ltr'>amplius</span> <span class='ocrx_word' id='word_1_234' title='bbox 830 2241 858 2283; x_wconf 93' lang='lat' dir='ltr'>tu</span> <span class='ocrx_word' id='word_1_235' title='bbox 872 2233 1071 2294; x_wconf 78' lang='lat' dir='ltr'>tiru,’1&#39;esseram</span> <span class='ocrx_word' id='word_1_236' title='bbox 1084 2231 1213 2297; x_wconf 89' lang='lat' dir='ltr'>duplicem</span> <span class='ocrx_word' id='word_1_237' title='bbox 1221 2231 1316 2283; x_wconf 76' lang='lat' dir='ltr'>fuisse:</span> <span class='ocrx_word' id='word_1_238' title='bbox 1335 2245 1411 2282; x_wconf 85' lang='lat' dir='ltr'>unam</span> 
     </span>
     <span class='ocr_line' id='line_1_24' title="bbox 311 2311 1412 2379; baseline 0.001 -16"><span class='ocrx_word' id='word_1_239' title='bbox 311 2313 557 2378; x_wconf 75' lang='lat' dir='ltr'>quandexcubisr,</span> <span class='ocrx_word' id='word_1_240' title='bbox 574 2316 753 2379; x_wconf 75' lang='lat' dir='ltr'>alteramque</span> <span class='ocrx_word' id='word_1_241' title='bbox 772 2313 806 2364; x_wconf 86' lang='lat' dir='ltr'>sd</span> <span class='ocrx_word' id='word_1_242' title='bbox 824 2327 943 2378; x_wconf 77' lang='lat' dir='ltr'>pugnam.</span> <span class='ocrx_word' id='word_1_243' title='bbox 976 2316 1020 2364; x_wconf 89' lang='lat' dir='ltr'>De</span> <span class='ocrx_word' id='word_1_244' title='bbox 1041 2320 1170 2377; x_wconf 80' lang='lat' dir='ltr'>postrema</span> <span class='ocrx_word' id='word_1_245' title='bbox 1187 2313 1292 2363; x_wconf 66' lang='lat' dir='ltr'>incitus</span> <span class='ocrx_word' id='word_1_246' title='bbox 1311 2311 1412 2364; x_wconf 78' lang='lat' dir='ltr'>Hister.</span> 
     </span>
     <span class='ocr_line' id='line_1_25' title="bbox 310 2393 1434 2461; baseline 0.003 -19"><span class='ocrx_word' id='word_1_247' title='bbox 310 2393 357 2442; x_wconf 88' lang='lat' dir='ltr'>lib.</span> <span class='ocrx_word' id='word_1_248' title='bbox 371 2407 414 2443; x_wconf 87' lang='grc' dir='ltr'><strong>ιιι.</strong></span> <span class='ocrx_word' id='word_1_249' title='bbox 430 2394 549 2444; x_wconf 82' lang='lat' dir='ltr'>‘Eadem</span> <span class='ocrx_word' id='word_1_250' title='bbox 559 2401 671 2461; x_wconf 86' lang='lat' dir='ltr'>utraque</span> <span class='ocrx_word' id='word_1_251' title='bbox 682 2395 737 2446; x_wconf 87' lang='lat' dir='ltr'>acie</span> <span class='ocrx_word' id='word_1_252' title='bbox 747 2409 835 2445; x_wconf 88' lang='lat' dir='ltr'>arma:</span> <span class='ocrx_word' id='word_1_253' title='bbox 853 2394 951 2446; x_wconf 75' lang='lat' dir='ltr'>crebris</span> <span class='ocrx_word' id='word_1_254' title='bbox 962 2394 1206 2458; x_wconf 72' lang='lat' dir='ltr'>interrogationibus</span> <span class='ocrx_word' id='word_1_255' title='bbox 1216 2399 1305 2443; x_wconf 88' lang='lat' dir='ltr'>notum</span> <span class='ocrx_word' id='word_1_256' title='bbox 1317 2405 1412 2458; x_wconf 68' lang='lat' dir='ltr'>pugneo</span> <span class='ocrx_word' id='word_1_257' title='bbox 1426 2413 1434 2430; x_wconf 82' lang='lat'><strong><em>.</em></strong></span> 
     </span>
     <span class='ocr_line' id='line_1_26' title="bbox 310 2474 430 2539; baseline 0.008 -17"><span class='ocrx_word' id='word_1_258' title='bbox 310 2474 430 2539; x_wconf 74' lang='lat' dir='ltr'>signum!</span> 
     </span>
    </p>
   </div>
   <div class='ocr_carea' id='block_1_3' title="bbox 845 2603 878 2652">
    <p class='ocr_par' dir='ltr' id='par_1_3' title="bbox 845 2603 878 2652">
     <span class='ocr_line' id='line_1_27' title="bbox 845 2603 878 2652; baseline 0 0"><span class='ocrx_word' id='word_1_259' title='bbox 845 2603 878 2652; x_wconf 79' lang='grc' dir='ltr'>Β.</span> 
     </span>
    </p>
   </div>
   <div class='ocr_carea' id='block_1_4' title="bbox 213 2729 1419 4320">
    <p class='ocr_par' dir='ltr' id='par_1_4' title="bbox 310 2729 1417 3515">
     <span class='ocr_line' id='line_1_28' title="bbox 345 2729 1413 2798; baseline -0.002 -16"><span class='ocrx_word' id='word_1_260' title='bbox 345 2732 412 2782; x_wconf 80' lang='lat' dir='ltr'>Cur.</span> <span class='ocrx_word' id='word_1_261' title='bbox 422 2736 463 2784; x_wconf 84' lang='lat' dir='ltr'>ao.</span> <span class='ocrx_word' id='word_1_262' title='bbox 479 2731 549 2782; x_wconf 88' lang='lat' dir='ltr'>Oiim</span> <span class='ocrx_word' id='word_1_263' title='bbox 570 2733 661 2783; x_wconf 77' lang='lat' dir='ltr'>aerario</span> <span class='ocrx_word' id='word_1_264' title='bbox 681 2732 815 2798; x_wconf 69' lang='lat' dir='ltr'>prepositi</span> <span class='ocrx_word' id='word_1_265' title='bbox 835 2733 998 2784; x_wconf 79' lang='lat' dir='ltr'>Quaestores:</span> <span class='ocrx_word' id='word_1_266' title='bbox 1024 2737 1123 2781; x_wconf 90' lang='lat' dir='ltr'>nutum.</span> <span class='ocrx_word' id='word_1_267' title='bbox 1157 2731 1241 2781; x_wconf 86' lang='lat' dir='ltr'>Causa</span> <span class='ocrx_word' id='word_1_268' title='bbox 1260 2729 1413 2780; x_wconf 88' lang='lat' dir='ltr'>immutandi</span> 
     </span>
     <span class='ocr_line' id='line_1_29' title="bbox 312 2810 1414 2874; baseline -0.002 -12"><span class='ocrx_word' id='word_1_269' title='bbox 312 2811 359 2864; x_wconf 83' lang='lat' dir='ltr'>sub</span> <span class='ocrx_word' id='word_1_270' title='bbox 370 2811 441 2863; x_wconf 81' lang='lat' dir='ltr'>tutio</span> <span class='ocrx_word' id='word_1_271' title='bbox 452 2813 557 2862; x_wconf 69' lang='lat' dir='ltr'>Caesare</span> <span class='ocrx_word' id='word_1_272' title='bbox 569 2821 635 2874; x_wconf 84' lang='lat' dir='ltr'>urta,</span> <span class='ocrx_word' id='word_1_273' title='bbox 645 2828 712 2863; x_wconf 88' lang='lat' dir='ltr'>anuo</span> <span class='ocrx_word' id='word_1_274' title='bbox 721 2813 791 2863; x_wconf 87' lang='lat' dir='ltr'>urbis</span> <span class='ocrx_word' id='word_1_275' title='bbox 804 2825 898 2863; x_wconf 78' lang='lat' dir='ltr'>ucmx.</span> <span class='ocrx_word' id='word_1_276' title='bbox 932 2811 1001 2864; x_wconf 80' lang='lat' dir='ltr'>Quia</span> <span class='ocrx_word' id='word_1_277' title='bbox 1012 2810 1081 2860; x_wconf 91' lang='lat' dir='ltr'>enim</span> <span class='ocrx_word' id='word_1_278' title='bbox 1092 2810 1199 2860; x_wconf 88' lang='lat' dir='ltr'>absente</span> <span class='ocrx_word' id='word_1_279' title='bbox 1209 2810 1313 2860; x_wconf 69' lang='lat' dir='ltr'>Caesare</span> <span class='ocrx_word' id='word_1_280' title='bbox 1323 2811 1414 2862; x_wconf 75' lang='lat' dir='ltr'>Quaes-</span> 
     </span>
     <span class='ocr_line' id='line_1_30' title="bbox 311 2887 1415 2956; baseline -0.004 -14"><span class='ocrx_word' id='word_1_281' title='bbox 311 2897 381 2942; x_wconf 89' lang='lat' dir='ltr'>tores</span> <span class='ocrx_word' id='word_1_282' title='bbox 392 2893 477 2942; x_wconf 86' lang='lat' dir='ltr'>creati</span> <span class='ocrx_word' id='word_1_283' title='bbox 487 2893 561 2956; x_wconf 90' lang='lat' dir='ltr'>nulii,</span> <span class='ocrx_word' id='word_1_284' title='bbox 569 2893 651 2942; x_wconf 82' lang='lat' dir='ltr'>semrii</span> <span class='ocrx_word' id='word_1_285' title='bbox 663 2908 726 2942; x_wconf 87' lang='lat' dir='ltr'>cura</span> <span class='ocrx_word' id='word_1_286' title='bbox 732 2892 860 2942; x_wconf 79' lang='lat' dir='ltr'>AEditibus</span> <span class='ocrx_word' id='word_1_287' title='bbox 869 2891 969 2941; x_wconf 86' lang='lat' dir='ltr'>duobus</span> <span class='ocrx_word' id='word_1_288' title='bbox 981 2889 1117 2940; x_wconf 84' lang='lat' dir='ltr'>commissa</span> <span class='ocrx_word' id='word_1_289' title='bbox 1126 2895 1180 2938; x_wconf 85' lang='lat' dir='ltr'>est:</span> <span class='ocrx_word' id='word_1_290' title='bbox 1206 2903 1255 2938; x_wconf 88' lang='lat' dir='ltr'>uec</span> <span class='ocrx_word' id='word_1_291' title='bbox 1265 2887 1343 2938; x_wconf 91' lang='lat' dir='ltr'>rediit</span> <span class='ocrx_word' id='word_1_292' title='bbox 1355 2894 1415 2952; x_wconf 91' lang='lat' dir='ltr'>pust</span> 
     </span>
     <span class='ocr_line' id='line_1_31' title="bbox 310 2967 1414 3033; baseline -0.004 -11"><span class='ocrx_word' id='word_1_293' title='bbox 310 2972 398 3022; x_wconf 81' lang='lat' dir='ltr'>illaad</span> <span class='ocrx_word' id='word_1_294' title='bbox 409 2972 569 3024; x_wconf 75' lang='lat' dir='ltr'>Quaestores.</span> <span class='ocrx_word' id='word_1_295' title='bbox 603 2972 655 3023; x_wconf 86' lang='lat' dir='ltr'>Dio</span> <span class='ocrx_word' id='word_1_296' title='bbox 665 2973 764 3022; x_wconf 82' lang='lat' dir='ltr'>diserte</span> <span class='ocrx_word' id='word_1_297' title='bbox 780 2976 856 3020; x_wconf 88' lang='lat' dir='ltr'>notat</span> <span class='ocrx_word' id='word_1_298' title='bbox 875 2970 922 3020; x_wconf 84' lang='lat' dir='ltr'>tib.</span> <span class='ocrx_word' id='word_1_299' title='bbox 934 2983 1013 3020; x_wconf 78' lang='lat' dir='ltr'>xuttt.</span> <span class='ocrx_word' id='word_1_300' title='bbox 1032 2968 1129 3018; x_wconf 85' lang='lat' dir='ltr'>AEdiies</span> <span class='ocrx_word' id='word_1_301' title='bbox 1148 2983 1211 3033; x_wconf 76' lang='lat' dir='ltr'>crgo</span> <span class='ocrx_word' id='word_1_302' title='bbox 1227 2967 1359 3033; x_wconf 81' lang='lat' dir='ltr'>praeiuisse</span> <span class='ocrx_word' id='word_1_303' title='bbox 1377 2969 1414 3018; x_wconf 84' lang='lat' dir='ltr'>vi·</span> 
     </span>
     <span class='ocr_line' id='line_1_32' title="bbox 311 3047 1412 3120; baseline -0.005 -17"><span class='ocrx_word' id='word_1_304' title='bbox 311 3054 407 3103; x_wconf 85' lang='lat' dir='ltr'>deutur</span> <span class='ocrx_word' id='word_1_305' title='bbox 417 3051 481 3120; x_wconf 90' lang='lat' dir='ltr'>(uon</span> <span class='ocrx_word' id='word_1_306' title='bbox 493 3052 562 3102; x_wconf 91' lang='lat' dir='ltr'>euim</span> <span class='ocrx_word' id='word_1_307' title='bbox 579 3052 784 3102; x_wconf 87' lang='lat' dir='ltr'>immutationem</span> <span class='ocrx_word' id='word_1_308' title='bbox 803 3051 919 3114; x_wconf 91' lang='lat' dir='ltr'>reperio)</span> <span class='ocrx_word' id='word_1_309' title='bbox 938 3064 987 3112; x_wconf 86' lang='lat' dir='ltr'>pet</span> <span class='ocrx_word' id='word_1_310' title='bbox 997 3063 1077 3100; x_wconf 88' lang='lat' dir='ltr'>sunus</span> <span class='ocrx_word' id='word_1_311' title='bbox 1089 3047 1146 3098; x_wconf 84' lang='lat' dir='ltr'>iere</span> <span class='ocrx_word' id='word_1_312' title='bbox 1160 3049 1250 3098; x_wconf 90' lang='lat' dir='ltr'>decern</span> <span class='ocrx_word' id='word_1_313' title='bbox 1261 3054 1290 3098; x_wconf 90' lang='lat' dir='ltr'>et</span> <span class='ocrx_word' id='word_1_314' title='bbox 1300 3056 1412 3114; x_wconf 87' lang='lat' dir='ltr'>septem,</span> 
     </span>
     <span class='ocr_line' id='line_1_33' title="bbox 310 3129 1414 3199; baseline -0.005 -15"><span class='ocrx_word' id='word_1_315' title='bbox 310 3135 395 3184; x_wconf 87' lang='lat' dir='ltr'>donec</span> <span class='ocrx_word' id='word_1_316' title='bbox 406 3134 539 3199; x_wconf 72' lang='lat' dir='ltr'>Augrrstus</span> <span class='ocrx_word' id='word_1_317' title='bbox 549 3133 692 3184; x_wconf 73' lang='lat' dir='ltr'>Pretorius</span> <span class='ocrx_word' id='word_1_318' title='bbox 703 3132 847 3184; x_wconf 89' lang='lat' dir='ltr'>substituit.</span> <span class='ocrx_word' id='word_1_319' title='bbox 880 3133 989 3182; x_wconf 81' lang='lat' dir='ltr'>Factum</span> <span class='ocrx_word' id='word_1_320' title='bbox 1002 3145 1069 3180; x_wconf 85' lang='lat' dir='ltr'>anuo</span> <span class='ocrx_word' id='word_1_321' title='bbox 1080 3142 1215 3180; x_wconf 84' lang='lat' dir='ltr'>uccxxvr.</span> <span class='ocrx_word' id='word_1_322' title='bbox 1233 3129 1284 3179; x_wconf 88' lang='lat' dir='ltr'>Diu</span> <span class='ocrx_word' id='word_1_323' title='bbox 1295 3129 1341 3179; x_wconf 90' lang='lat' dir='ltr'>iib.</span> <span class='ocrx_word' id='word_1_324' title='bbox 1353 3142 1414 3178; x_wconf 83' lang='lat' dir='ltr'>nrrr.</span> 
     </span>
     <span class='ocr_line' id='line_1_34' title="bbox 312 3207 1417 3276; baseline -0.004 -15"><span class='ocrx_word' id='word_1_325' title='bbox 312 3212 577 3276; x_wconf 67' lang='lat' dir='ltr'>Kaidrsstbmdm</span> <span class='ocrx_word' id='word_1_326' title='bbox 586 3216 621 3275; x_wconf 66' lang='grc' dir='ltr'>τᾷ</span> <span class='ocrx_word' id='word_1_327' title='bbox 629 3211 730 3274; x_wconf 69' lang='grc' dir='ltr'>Βιψανίᾳ</span> <span class='ocrx_word' id='word_1_328' title='bbox 740 3207 1323 3275; x_wconf 64' lang='grc' dir='ltr'>ἐδέησεν,ἐδανιίσιιιότινιι,κιιὶέδοικειώτᾷ,τρόι</span> <span class='ocrx_word' id='word_1_329' title='bbox 1333 3226 1362 3258; x_wconf 81' lang='lat' dir='ltr'>re</span> <span class='ocrx_word' id='word_1_330' title='bbox 1371 3208 1417 3268; x_wconf 71' lang='lat' dir='ltr'>rbr</span> 
     </span>
     <span class='ocr_line' id='line_1_35' title="bbox 311 3287 1416 3355; baseline -0.001 -15"><span class='ocrx_word' id='word_1_331' title='bbox 311 3289 423 3350; x_wconf 71' lang='lat' dir='ltr'>decisam</span> <span class='ocrx_word' id='word_1_332' title='bbox 431 3291 552 3354; x_wconf 52' lang='lat' dir='ltr'>corintio</span> <span class='ocrx_word' id='word_1_333' title='bbox 560 3293 612 3341; x_wconf 71' lang='grc' dir='ltr'>κατ’</span> <span class='ocrx_word' id='word_1_334' title='bbox 622 3293 675 3342; x_wconf 64' lang='lat' dir='ltr'>irus</span> <span class='ocrx_word' id='word_1_335' title='bbox 685 3295 712 3343; x_wconf 68' lang='grc' dir='ltr'>ἐκ</span> <span class='ocrx_word' id='word_1_336' title='bbox 718 3296 766 3340; x_wconf 70' lang='grc' dir='ltr'>τᾶν</span> <span class='ocrx_word' id='word_1_337' title='bbox 776 3291 986 3355; x_wconf 63' lang='grc' dir='ltr'>ἐστρατηγηκότων</span> <span class='ocrx_word' id='word_1_338' title='bbox 994 3292 1106 3354; x_wconf 65' lang='lat' dir='ltr'>alpanum</span> <span class='ocrx_word' id='word_1_339' title='bbox 1112 3287 1235 3338; x_wconf 65' lang='lat' dir='ltr'>laidem:</span> <span class='ocrx_word' id='word_1_340' title='bbox 1248 3288 1273 3337; x_wconf 87' lang='lat' dir='ltr'>id</span> <span class='ocrx_word' id='word_1_341' title='bbox 1283 3296 1337 3340; x_wconf 81' lang='lat' dir='ltr'>cti:</span> <span class='ocrx_word' id='word_1_342' title='bbox 1351 3289 1416 3346; x_wconf 69' lang='lat' dir='ltr'>Quo·</span> 
     </span>
     <span class='ocr_line' id='line_1_36' title="bbox 312 3370 1416 3437; baseline 0.001 -16"><span class='ocrx_word' id='word_1_343' title='bbox 312 3371 378 3421; x_wconf 72' lang='lat' dir='ltr'>siun</span> <span class='ocrx_word' id='word_1_344' title='bbox 385 3373 498 3421; x_wconf 72' lang='lat' dir='ltr'>ararim</span> <span class='ocrx_word' id='word_1_345' title='bbox 505 3373 626 3436; x_wconf 73' lang='lat' dir='ltr'>petticeas</span> <span class='ocrx_word' id='word_1_346' title='bbox 636 3373 704 3436; x_wconf 71' lang='lat' dir='ltr'>tsopr</span> <span class='ocrx_word' id='word_1_347' title='bbox 710 3373 863 3437; x_wconf 68' lang='lat' dir='ltr'>pemsim</span> <span class='ocrx_word' id='word_1_348' title='bbox 875 3377 944 3435; x_wconf 84' lang='lat' dir='ltr'>estet,</span> <span class='ocrx_word' id='word_1_349' title='bbox 961 3373 1070 3434; x_wconf 78' lang='lat' dir='ltr'>quosdam</span> <span class='ocrx_word' id='word_1_350' title='bbox 1082 3373 1161 3420; x_wconf 81' lang='lat' dir='ltr'>mutuo</span> <span class='ocrx_word' id='word_1_351' title='bbox 1172 3373 1277 3432; x_wconf 78' lang='lat' dir='ltr'>sumptas</span> <span class='ocrx_word' id='word_1_352' title='bbox 1288 3370 1350 3419; x_wconf 74' lang='lat' dir='ltr'>isid</span> <span class='ocrx_word' id='word_1_353' title='bbox 1361 3385 1416 3422; x_wconf 81' lang='lat' dir='ltr'>cos·</span> 
     </span>
     <span class='ocr_line' id='line_1_37' title="bbox 310 3449 1416 3515; baseline -0.002 -16"><span class='ocrx_word' id='word_1_354' title='bbox 310 3453 377 3515; x_wconf 83' lang='lat' dir='ltr'>tuiit,</span> <span class='ocrx_word' id='word_1_355' title='bbox 393 3456 417 3501; x_wconf 84' lang='lat' dir='ltr'>et</span> <span class='ocrx_word' id='word_1_356' title='bbox 427 3451 629 3501; x_wconf 72' lang='lat' dir='ltr'>administrationi</span> <span class='ocrx_word' id='word_1_357' title='bbox 639 3468 719 3502; x_wconf 73' lang='lat' dir='ltr'>surm</span> <span class='ocrx_word' id='word_1_358' title='bbox 737 3453 795 3502; x_wconf 82' lang='lat' dir='ltr'>daos</span> <span class='ocrx_word' id='word_1_359' title='bbox 807 3453 918 3502; x_wconf 83' lang='lat' dir='ltr'>Praetaro</span> <span class='ocrx_word' id='word_1_360' title='bbox 923 3452 1021 3511; x_wconf 82' lang='lat' dir='ltr'>functos</span> <span class='ocrx_word' id='word_1_361' title='bbox 1030 3451 1056 3499; x_wconf 80' lang='lat' dir='ltr'>is</span> <span class='ocrx_word' id='word_1_362' title='bbox 1068 3465 1139 3499; x_wconf 74' lang='lat' dir='ltr'>moos</span> <span class='ocrx_word' id='word_1_363' title='bbox 1148 3449 1254 3511; x_wconf 74' lang='lat' dir='ltr'>singulm</span> <span class='ocrx_word' id='word_1_364' title='bbox 1264 3451 1346 3498; x_wconf 81' lang='lat' dir='ltr'>eiectos</span> <span class='ocrx_word' id='word_1_365' title='bbox 1352 3463 1416 3514; x_wconf 79' lang='lat' dir='ltr'>proe·</span> 
     </span>
    </p>

    <p class='ocr_par' dir='ltr' id='par_1_5' title="bbox 268 3529 1414 3599">
     <span class='ocr_line' id='line_1_38' title="bbox 268 3529 1414 3599; baseline -0.005 -14"><span class='ocrx_word' id='word_1_366' title='bbox 268 3577 274 3585; x_wconf 90' lang='lat'><strong>.</strong></span> <span class='ocrx_word' id='word_1_367' title='bbox 303 3534 436 3599; x_wconf 72' lang='lat' dir='ltr'>jicijassit.</span> <span class='ocrx_word' id='word_1_368' title='bbox 452 3533 591 3584; x_wconf 81' lang='lat' dir='ltr'>Suetonius</span> <span class='ocrx_word' id='word_1_369' title='bbox 602 3549 625 3584; x_wconf 91' lang='lat' dir='ltr'>c.</span> <span class='ocrx_word' id='word_1_370' title='bbox 636 3537 677 3584; x_wconf 73' lang='lat'>8⁶.</span> <span class='ocrx_word' id='word_1_371' title='bbox 693 3533 702 3560; x_wconf 87' lang='lat'>‘</span> <span class='ocrx_word' id='word_1_372' title='bbox 713 3533 814 3584; x_wconf 78' lang='lat' dir='ltr'>Auctor</span> <span class='ocrx_word' id='word_1_373' title='bbox 824 3531 885 3594; x_wconf 81' lang='lat' dir='ltr'>fuit,</span> <span class='ocrx_word' id='word_1_374' title='bbox 897 3539 926 3582; x_wconf 89' lang='lat' dir='ltr'>ut</span> <span class='ocrx_word' id='word_1_375' title='bbox 936 3543 998 3581; x_wconf 87' lang='lat' dir='ltr'>cura</span> <span class='ocrx_word' id='word_1_376' title='bbox 1007 3531 1089 3581; x_wconf 72' lang='lat' dir='ltr'>erarii</span> <span class='ocrx_word' id='word_1_377' title='bbox 1100 3529 1301 3582; x_wconf 71' lang='lat' dir='ltr'>aeneatoribus</span> <span class='ocrx_word' id='word_1_378' title='bbox 1311 3529 1414 3580; x_wconf 82' lang='lat' dir='ltr'>urbanis</span> 
     </span>
    </p>

    <p class='ocr_par' dir='ltr' id='par_1_6' title="bbox 310 3609 1415 3674">
     <span class='ocr_line' id='line_1_39' title="bbox 310 3609 1415 3674; baseline -0.005 -10"><span class='ocrx_word' id='word_1_379' title='bbox 310 3613 345 3664; x_wconf 83' lang='lat' dir='ltr'>sd</span> <span class='ocrx_word' id='word_1_380' title='bbox 357 3611 507 3674; x_wconf 72' lang='lat' dir='ltr'>Pretorius,</span> <span class='ocrx_word' id='word_1_381' title='bbox 527 3613 691 3664; x_wconf 77' lang='lat' dir='ltr'>Proeturesne</span> <span class='ocrx_word' id='word_1_382' title='bbox 708 3612 850 3664; x_wconf 71' lang='lat' dir='ltr'>transiret!</span> <span class='ocrx_word' id='word_1_383' title='bbox 882 3613 988 3662; x_wconf 77' lang='lat' dir='ltr'>Tacitus</span> <span class='ocrx_word' id='word_1_384' title='bbox 999 3611 1050 3660; x_wconf 90' lang='lat' dir='ltr'>bie.</span> <span class='ocrx_word' id='word_1_385' title='bbox 1084 3611 1149 3660; x_wconf 87' lang='lat' dir='ltr'>Ideo</span> <span class='ocrx_word' id='word_1_386' title='bbox 1167 3611 1193 3659; x_wconf 91' lang='lat' dir='ltr'>in</span> <span class='ocrx_word' id='word_1_387' title='bbox 1205 3611 1375 3659; x_wconf 88' lang='lat' dir='ltr'>monumentis</span> <span class='ocrx_word' id='word_1_388' title='bbox 1387 3609 1415 3660; x_wconf 90' lang='lat' dir='ltr'>id</span> 
     </span>
    </p>

    <p class='ocr_par' dir='ltr' id='par_1_7' title="bbox 221 3688 1419 3838">
     <span class='ocr_line' id='line_1_40' title="bbox 221 3688 1416 3760; baseline -0.003 -17"><span class='ocrx_word' id='word_1_389' title='bbox 221 3751 225 3760; x_wconf 32' lang='grc' dir='ltr'><strong><em>Ι</em></strong></span> <span class='ocrx_word' id='word_1_390' title='bbox 310 3693 361 3743; x_wconf 76' lang='lat' dir='ltr'>asi</span> <span class='ocrx_word' id='word_1_391' title='bbox 370 3693 547 3758; x_wconf 84' lang='lat' dir='ltr'>historiisque,</span> <span class='ocrx_word' id='word_1_392' title='bbox 566 3693 699 3743; x_wconf 81' lang='lat' dir='ltr'>Praetores</span> <span class='ocrx_word' id='word_1_393' title='bbox 718 3693 814 3755; x_wconf 73' lang='lat' dir='ltr'>erarii,</span> <span class='ocrx_word' id='word_1_394' title='bbox 832 3693 950 3757; x_wconf 89' lang='lat' dir='ltr'>inscripti</span> <span class='ocrx_word' id='word_1_395' title='bbox 970 3693 1073 3756; x_wconf 87' lang='lat' dir='ltr'>passim.</span> <span class='ocrx_word' id='word_1_396' title='bbox 1090 3691 1192 3740; x_wconf 86' lang='lat' dir='ltr'>Mansit</span> <span class='ocrx_word' id='word_1_397' title='bbox 1213 3689 1245 3738; x_wconf 91' lang='lat' dir='ltr'>sd</span> <span class='ocrx_word' id='word_1_398' title='bbox 1268 3688 1416 3753; x_wconf 79' lang='lat' dir='ltr'>Claudium,</span> 
     </span>
     <span class='ocr_line' id='line_1_41' title="bbox 308 3769 1419 3838; baseline -0.005 -16"><span class='ocrx_word' id='word_1_399' title='bbox 308 3771 317 3801; x_wconf 87' lang='lat'>‘</span> <span class='ocrx_word' id='word_1_400' title='bbox 331 3773 374 3838; x_wconf 83' lang='lat' dir='ltr'>qni</span> <span class='ocrx_word' id='word_1_401' title='bbox 385 3788 474 3824; x_wconf 88' lang='lat' dir='ltr'>curam</span> <span class='ocrx_word' id='word_1_402' title='bbox 486 3773 568 3822; x_wconf 80' lang='lat' dir='ltr'>aerarii</span> <span class='ocrx_word' id='word_1_403' title='bbox 580 3773 683 3822; x_wconf 85' lang='lat' dir='ltr'>Saturni</span> <span class='ocrx_word' id='word_1_404' title='bbox 695 3771 876 3826; x_wconf 73' lang='lat' dir='ltr'>Questoribus</span> <span class='ocrx_word' id='word_1_405' title='bbox 888 3771 1012 3836; x_wconf 80' lang='lat' dir='ltr'>reddidit,</span> <span class='ocrx_word' id='word_1_406' title='bbox 1030 3785 1108 3836; x_wconf 84' lang='lat' dir='ltr'>qnam</span> <span class='ocrx_word' id='word_1_407' title='bbox 1119 3771 1205 3820; x_wconf 88' lang='lat' dir='ltr'>medio</span> <span class='ocrx_word' id='word_1_408' title='bbox 1217 3775 1334 3832; x_wconf 85' lang='lat' dir='ltr'>tempore</span> <span class='ocrx_word' id='word_1_409' title='bbox 1345 3769 1419 3824; x_wconf 80' lang='lat' dir='ltr'>Pras.</span> 
     </span>
    </p>

    <p class='ocr_par' dir='ltr' id='par_1_8' title="bbox 280 3839 1416 3919">
     <span class='ocr_line' id='line_1_42' title="bbox 280 3839 1416 3919; baseline -0.006 -15"><span class='ocrx_word' id='word_1_410' title='bbox 280 3839 287 3850; x_wconf 60' lang='lat'><em>⁰</em></span> <span class='ocrx_word' id='word_1_411' title='bbox 313 3859 382 3904; x_wconf 86' lang='lat' dir='ltr'>tores</span> <span class='ocrx_word' id='word_1_412' title='bbox 393 3860 439 3902; x_wconf 87' lang='lat' dir='ltr'>ant</span> <span class='ocrx_word' id='word_1_413' title='bbox 449 3854 540 3919; x_wconf 79' lang='lat' dir='ltr'>utique</span> <span class='ocrx_word' id='word_1_414' title='bbox 551 3860 665 3917; x_wconf 81' lang='lat' dir='ltr'>praetura</span> <span class='ocrx_word' id='word_1_415' title='bbox 676 3851 759 3902; x_wconf 82' lang='lat' dir='ltr'>functi</span> <span class='ocrx_word' id='word_1_416' title='bbox 771 3851 964 3916; x_wconf 87' lang='lat' dir='ltr'>sustinuerant,&#39;</span> <span class='ocrx_word' id='word_1_417' title='bbox 983 3852 1020 3901; x_wconf 86' lang='lat' dir='ltr'>nit</span> <span class='ocrx_word' id='word_1_418' title='bbox 1030 3853 1137 3902; x_wconf 78' lang='lat' dir='ltr'>Straton.</span> <span class='ocrx_word' id='word_1_419' title='bbox 1149 3865 1173 3900; x_wconf 92' lang='lat' dir='ltr'>c.</span> <span class='ocrx_word' id='word_1_420' title='bbox 1184 3853 1225 3898; x_wconf 70' lang='lat' dir='ltr'>tt.</span> <span class='ocrx_word' id='word_1_421' title='bbox 1260 3847 1304 3897; x_wconf 81' lang='lat' dir='ltr'>lta</span> <span class='ocrx_word' id='word_1_422' title='bbox 1316 3855 1416 3912; x_wconf 87' lang='lat' dir='ltr'>tamen,</span> 
     </span>
    </p>

    <p class='ocr_par' dir='ltr' id='par_1_9' title="bbox 310 3927 1417 4077">
     <span class='ocr_line' id='line_1_43' title="bbox 312 3927 1416 3996; baseline -0.005 -15"><span class='ocrx_word' id='word_1_423' title='bbox 312 3936 342 3981; x_wconf 93' lang='lat' dir='ltr'>ut</span> <span class='ocrx_word' id='word_1_424' title='bbox 352 3932 459 3981; x_wconf 89' lang='lat' dir='ltr'>bonores</span> <span class='ocrx_word' id='word_1_425' title='bbox 477 3932 508 3982; x_wconf 88' lang='lat' dir='ltr'>iis</span> <span class='ocrx_word' id='word_1_426' title='bbox 527 3941 604 3982; x_wconf 81' lang='lat' dir='ltr'>extra</span> <span class='ocrx_word' id='word_1_427' title='bbox 621 3931 737 3982; x_wconf 85' lang='lat' dir='ltr'>ordinem</span> <span class='ocrx_word' id='word_1_428' title='bbox 756 3932 932 3996; x_wconf 84' lang='lat' dir='ltr'>permitteret,</span> <span class='ocrx_word' id='word_1_429' title='bbox 950 3929 988 3980; x_wconf 90' lang='lat' dir='ltr'>ait</span> <span class='ocrx_word' id='word_1_430' title='bbox 998 3930 1117 3992; x_wconf 86' lang='lat' dir='ltr'>Tacitus,</span> <span class='ocrx_word' id='word_1_431' title='bbox 1136 3944 1165 3979; x_wconf 81' lang='grc' dir='ltr'>ιιι</span> <span class='ocrx_word' id='word_1_432' title='bbox 1184 3933 1247 3979; x_wconf 75' lang='lat' dir='ltr'>stetu</span> <span class='ocrx_word' id='word_1_433' title='bbox 1262 3927 1416 3994; x_wconf 74' lang='lat' dir='ltr'>offensionum</span> 
     </span>
     <span class='ocr_line' id='line_1_44' title="bbox 310 4005 1417 4077; baseline -0.006 -14"><span class='ocrx_word' id='word_1_434' title='bbox 310 4013 405 4074; x_wconf 59' lang='lat' dir='ltr'>maias</span> <span class='ocrx_word' id='word_1_435' title='bbox 414 4013 566 4063; x_wconf 68' lang='lat' dir='ltr'>munium.</span> <span class='ocrx_word' id='word_1_436' title='bbox 599 4015 684 4066; x_wconf 82' lang='lat' dir='ltr'>Quem</span> <span class='ocrx_word' id='word_1_437' title='bbox 693 4013 744 4063; x_wconf 86' lang='lat' dir='ltr'>Dio</span> <span class='ocrx_word' id='word_1_438' title='bbox 760 4013 887 4077; x_wconf 82' lang='lat' dir='ltr'>explicat,</span> <span class='ocrx_word' id='word_1_439' title='bbox 902 4011 930 4060; x_wconf 91' lang='lat' dir='ltr'>in</span> <span class='ocrx_word' id='word_1_440' title='bbox 940 4011 1048 4061; x_wconf 85' lang='lat' dir='ltr'>Claudio</span> <span class='ocrx_word' id='word_1_441' title='bbox 1058 4027 1064 4059; x_wconf 76' lang='grc' dir='ltr'><strong>ι</strong></span> <span class='ocrx_word' id='word_1_442' title='bbox 1080 4009 1140 4059; x_wconf 75' lang='lat' dir='ltr'>&#39;roba</span> <span class='ocrx_word' id='word_1_443' title='bbox 1155 4006 1302 4074; x_wconf 64' lang='lat' dir='ltr'>orporrryobr</span> <span class='ocrx_word' id='word_1_444' title='bbox 1311 4005 1367 4056; x_wconf 80' lang='lat' dir='ltr'>roba</span> <span class='ocrx_word' id='word_1_445' title='bbox 1377 4005 1417 4056; x_wconf 58' lang='lat' dir='ltr'>tet</span> 
     </span>
    </p>

    <p class='ocr_par' dir='ltr' id='par_1_10' title="bbox 213 4083 1418 4320">
     <span class='ocr_line' id='line_1_45' title="bbox 213 4083 1418 4162; baseline -0.005 -19"><span class='ocrx_word' id='word_1_446' title='bbox 213 4083 217 4091; x_wconf 47' lang='lat'><strong>¹</strong></span> <span class='ocrx_word' id='word_1_447' title='bbox 311 4094 356 4150; x_wconf 72' lang='grc' dir='ltr'>τῆς</span> <span class='ocrx_word' id='word_1_448' title='bbox 366 4093 497 4162; x_wconf 55' lang='lat' dir='ltr'>Quinem</span> <span class='ocrx_word' id='word_1_449' title='bbox 507 4092 652 4155; x_wconf 60' lang='lat' dir='ltr'>tamtam,</span> <span class='ocrx_word' id='word_1_450' title='bbox 661 4093 775 4157; x_wconf 65' lang='lat' dir='ltr'>rapacius</span> <span class='ocrx_word' id='word_1_451' title='bbox 786 4091 861 4150; x_wconf 71' lang='lat' dir='ltr'>sistier</span> <span class='ocrx_word' id='word_1_452' title='bbox 869 4089 930 4140; x_wconf 76' lang='lat' dir='ltr'>sard</span> <span class='ocrx_word' id='word_1_453' title='bbox 940 4087 970 4138; x_wconf 77' lang='lat' dir='ltr'>rb</span> <span class='ocrx_word' id='word_1_454' title='bbox 979 4089 1077 4154; x_wconf 65' lang='grc' dir='ltr'>ἀρχαῖον</span> <span class='ocrx_word' id='word_1_455' title='bbox 1087 4087 1222 4153; x_wconf 69' lang='grc' dir='ltr'>διέτριψεν,</span> <span class='ocrx_word' id='word_1_456' title='bbox 1241 4087 1293 4150; x_wconf 53' lang='grc' dir='ltr'>οὐχ</span> <span class='ocrx_word' id='word_1_457' title='bbox 1304 4087 1365 4136; x_wconf 69' lang='grc' dir='ltr'>ὄπι</span> <span class='ocrx_word' id='word_1_458' title='bbox 1376 4085 1418 4137; x_wconf 66' lang='lat' dir='ltr'>troi</span> 
     </span>
     <span class='ocr_line' id='line_1_46' title="bbox 313 4166 1417 4244; baseline -0.006 -20"><span class='ocrx_word' id='word_1_459' title='bbox 313 4171 570 4244; x_wconf 62' lang='grc' dir='ltr'><strong>ἐιιιψνισφᾶιβιιῳ</strong></span> <span class='ocrx_word' id='word_1_460' title='bbox 587 4175 626 4224; x_wconf 72' lang='grc' dir='ltr'><em>Μ</em></span> <span class='ocrx_word' id='word_1_461' title='bbox 643 4193 672 4224; x_wconf 75' lang='lat' dir='ltr'>re</span> <span class='ocrx_word' id='word_1_462' title='bbox 690 4174 784 4225; x_wconf 74' lang='lat' dir='ltr'>isaim</span> <span class='ocrx_word' id='word_1_463' title='bbox 794 4169 913 4238; x_wconf 69' lang='grc' dir='ltr'><strong><em>πρότερον,</em></strong></span> <span class='ocrx_word' id='word_1_464' title='bbox 932 4169 970 4221; x_wconf 81' lang='lat' dir='ltr'>sai</span> <span class='ocrx_word' id='word_1_465' title='bbox 992 4169 1030 4219; x_wconf 66' lang='lat' dir='ltr'>ist</span> <span class='ocrx_word' id='word_1_466' title='bbox 1047 4173 1095 4219; x_wconf 73' lang='grc' dir='ltr'>τᾶν</span> <span class='ocrx_word' id='word_1_467' title='bbox 1111 4172 1252 4234; x_wconf 62' lang='lat' dir='ltr'>orpora-yur</span> <span class='ocrx_word' id='word_1_468' title='bbox 1266 4166 1327 4231; x_wconf 72' lang='lat' dir='ltr'>perd</span> <span class='ocrx_word' id='word_1_469' title='bbox 1340 4167 1417 4218; x_wconf 69' lang='lat' dir='ltr'>raico</span> 
     </span>
     <span class='ocr_line' id='line_1_47' title="bbox 315 4247 1418 4320; baseline -0.004 -17"><span class='ocrx_word' id='word_1_470' title='bbox 315 4252 435 4320; x_wconf 59' lang='lat' dir='ltr'>mmo)</span> <span class='ocrx_word' id='word_1_471' title='bbox 446 4247 1418 4319; x_wconf 51' lang='lat' dir='ltr'>dmm&amp;oiiinoiataoir&#39;piaitciruairitrdspitow,isaisipiaurpars·</span> 
     </span>
    </p>
   </div>
   <div class='ocr_carea' id='block_1_5' title="bbox 0 0 1616 4917">
    <p class='ocr_par' dir='ltr' id='par_1_11' title="bbox 0 0 1616 4917">
     <span class='ocr_line' id='line_1_48' title="bbox 0 0 1616 4917; baseline 0 0"><span class='ocrx_word' id='word_1_472' title='bbox 0 0 1616 4917; x_wconf 95' lang='lat' dir='ltr'> </span> 
     </span>
    </p>
   </div>
  </div>
 </body>
</html>
