3200 4917
623 453 658 504 G.
674 455 708 506 G.
724 451 868 506 mantnt.
1212 441 1301 510 ⁴680

239 603 430 684 aTheologis
454 603 546 667 Paris.
569 605 598 664 in
622 605 719 666 catal.
739 605 880 668 librorum
895 579 1108 684 pionibttorum
1122 611 1168 666 est
1180 605 1300 670 1111111.

241 704 279 762 V.
295 703 437 780 Argentre
449 702 489 761 T.
506 718 545 760 n.
559 721 592 781 p.
610 699 677 771 167.

202 803 277 861 1551
300 797 486 858 francofurti
508 799 546 858 ad
573 798 674 860 Viadr.
704 809 732 862 8.
764 799 936 871 Germania,
959 819 1026 860 curn
1050 800 1128 862 notis
1151 799 1300 876 Willicbii,

240 896 382 956 Glareani
395 906 425 955 et
437 895 689 956 Melanebtbnnis.

202 999 280 1061 1557
300 991 536 1070 wibelingen.
548 992 728 1052 ‘Germania
735 993 866 1052 Cornelii
874 991 1143 1056 Tacitivocabula
1150 994 1301 1072 regionum

237 1097 381 1149 enarrata.
423 1088 591 1149 Harminius
619 1086 712 1148 Ulrici
735 1089 868 1150 llutteni·
902 1089 1061 1148 Germania
1083 1091 1173 1149 cour.
1198 1090 1302 1152 Celtis.

241 1184 391 1260 Dialogus,
407 1185 456 1244 cui
469 1185 572 1244 titulus
584 1192 647 1244 est:
668 1185 915 1246 1111111111111
941 1185 1022 1245 edita
1043 1205 1060 1243 a
1081 1183 1219 1264 Philippo
1240 1185 1304 1246 Me-

239 1279 437 1340 lanchtlrone!
522 1313 529 1346 2

202 1381 280 1446 1571
300 1377 433 1448 Basileae,
448 1375 500 1435 fol.
516 1376 688 1436 Germania.
710 1377 745 1436 ln
759 1376 887 1438 Simonis
899 1375 1034 1438 Sclrardii
1043 1396 1138 1438 rerum
1150 1375 1305 1440 Germani-

239 1491 338 1534 carum
352 1470 553 1553 scriptoribus
566 1472 606 1534 T.
622 1489 646 1534 1.
662 1493 731 1534 cum
744 1471 985 1534 Melanehtlronis
1008 1473 1190 1534 enarratione
1216 1491 1305 1534 voea-

239 1569 383 1640 bulorum,
397 1570 529 1647 regiones
553 1578 583 1630 et
604 1579 706 1648 gentes
721 1569 927 1642 indicantium,
942 1569 980 1629 ad
994 1581 1126 1630 recentes
1139 1589 1237 1630 earum
1251 1587 1305 1650 ap·

239 1665 408 1746 pellationes
416 1667 653 1740 accommodata,
663 1668 824 1728 Altbarneri
832 1666 1115 1738 Scholiis,Glareaui
1125 1675 1156 1725 et
1165 1665 1304 1728 Willicbii

239 1763 465 1826 commentariis.
488 1765 594 1844 Repet.
619 1764 714 1826 Gisrae
731 1761 819 1837 1673.
831 1763 881 1826 111.
897 1782 969 1824 cura
983 1762 1155 1844 Hieronymi
1168 1763 1304 1835 Tbomoe,

241 1859 418 1937 Augustani.

202 1947 291 2018 1580.
313 1959 454 2036 Augusta
474 1958 565 2020 Vind.
594 1970 624 2021 8.
650 1959 822 2032 Germania,
847 1979 914 2019 cum
936 1963 1098 2018 comment.
1123 1955 1303 2026 Altbameri,

239 2052 422 2129 aliorumque
433 2053 716 2115 obrerratt.editore
730 2055 804 2114 Sim.
826 2053 973 2114 Fabricio.
993 2068 1033 2112 rr.
1053 2050 1124 2112 roll.
1141 2049 1306 2112 Altlrameri

239 2149 450 2208 commentaria
463 2149 623 2229 separatim
637 2150 718 2212 edita
731 2150 890 2228 Ambergae
906 2148 994 2219 1609.
1011 2156 1041 2209 8.

202 2251 281 2314 1591
302 2245 500 2323 Argentorali,
516 2255 545 2306 8.
560 2246 729 2318 Germania,
744 2254 864 2307 curante
878 2245 972 2306 Mich.
988 2243 1148 2304 Beutbero.

198 2334 279 2404 ’1602
301 2339 453 2413 11111111,
470 2349 498 2403 8.
521 2343 557 2402 C.
573 2343 662 2402 Corn.
682 2342 782 2404 Taciti
802 2342 841 2403 de
862 2341 931 2416 situ,
955 2339 1084 2402 moribus
1097 2348 1128 2399 et
1141 2357 1214 2422 pop.
1230 2341 1306 2402 Ger·

237 2436 343 2496 maniae
355 2436 483 2510 libellus,
497 2458 516 2499 a
528 2437 639 2502 Christ.
661 2440 768 2500 Colero
782 2437 891 2499 editus.

202 2526 279 2590 1610
300 2535 495 2612 Argentorati,
521 2546 549 2598 8.
569 2536 740 2608 Germania,
755 2535 839 2596 Beati
852 2534 984 2596 Rhenaui
998 2553 1095 2596 rerum
1111 2532 1304 2596 Germanica·

237 2645 302 2688 rum
312 2628 393 2689 libris
407 2631 521 2704 addita,
530 2651 600 2692 curn
608 2632 704 2709 ejusd.
713 2631 851 2694 Rhenani
865 2631 1109 2712 castigationibus
1123 2639 1154 2690 et
1167 2629 1304 2692 Willichii

238 2727 462 2791 commentariis.
482 2729 590 2806 Repet.
605 2727 675 2790 ibid.
691 2726 779 2799 1670.
795 2738 825 2789 8.

200 2820 274 2882 1631
300 2821 436 2904 Lugduni
461 2825 528 2886 Bat.
552 2825 605 2886 lol.
641 2824 701 2884 ⁶0.
725 2824 816 2884 Corn.
839 2824 940 2887 Taciti
963 2823 1000 2884 de
1024 2824 1096 2894 situ,
1119 2821 1249 2882 moribus
1273 2830 1305 2882 et

233 2918 350 2996 populis
380 2920 550 2982 Germania
574 2921 700 2994 libellus,
723 2920 881 2982 amendia
906 2918 1130 3001 quamplurimis
1151 2927 1305 2999 purgatus,

237 3022 267 3070 et
280 3012 353 3073 locis
367 3016 481 3093 aliquot
490 3019 700 3096 transpositus,
712 3016 1148 3100 novisqusinterpunctionibus
1160 3015 1190 3074 iu
1204 3029 1307 3076 verum

238 3125 359 3168 1111111
373 3109 531 3172 distinctus
552 3133 607 3192 per
626 3115 701 3175 Phil.
722 3115 903 3176 Cluverium.
922 3113 1057 3190 Adjecta
1072 3120 1118 3171 est
1131 3131 1167 3170 err
1181 3107 1305 3172 adverso

238 3203 373 3279 ejusdem
395 3205 463 3263 libri
483 3207 575 3266 editio
599 3209 762 3286 Lipsiana.’
812 3209 954 3271 Praelixus
982 3205 1111 3269 Cluverii
1137 3201 1305 3270 Germania

236 3299 376 3380 antiqua.
400 3301 498 3381 Lugd.
514 3303 580 3368 But.
596 3302 685 3364 1631.

198 3395 276 3466 1637
297 3398 482 3478 Noribergae,
497 3410 527 3462 8.
547 3401 697 3480 Agricola,
708 3421 737 3463 c.
750 3421 782 3462 n.
798 3401 893 3464 Mich.
907 3398 1065 3480 Virdungi.

196 3491 311 3553 -ibid
328 3502 357 3555 8.
370 3497 540 3570 Germania,
554 3508 678 3558 curante
691 3497 798 3561 eodem
812 3497 976 3575 virdungo.

199 3585 278 3649 1642
298 3587 434 3668 Lugduni
456 3594 525 3654 Bat.
549 3601 597 3655 12.
620 3594 656 3653 C.
682 3595 777 3654 Corn.
806 3593 905 3656 Taciti
929 3591 1077 3672 Agricola,
1089 3600 1120 3651 et
1133 3590 1163 3652 in
1177 3610 1245 3654 eum
1258 3593 1304 3654 M.

236 3683 323 3745 Zuer.
339 3687 498 3749 Borbornii
511 3690 747 3752 commentarius.

198 3775 278 3849 1647
300 3767 443 3859 Coburgi,
460 3793 488 3844 8.
510 3783 611 3844 Taciti
625 3787 797 3847 Germania.

197 3871 275 3937 1652
297 3875 480 3947 Helmstadii,
493 3887 524 3940 t.
543 3879 671 3941 Tacitus
693 3881 731 3940 de
751 3882 819 3956 situ,
841 3901 915 3944 mor.
929 3890 961 3941 et
979 3899 1053 3962 pop.
1077 3879 1245 3942 Germania
1268 3899 1304 3942 ex

235 3970 286 4032 ed.
302 3973 331 4037 H
335 4017 343 4032 ·
359 3973 521 4053 Couringii.

199 4063 279 4130 1656
299 4070 393 4142 Jenoe,
409 4079 438 4131 8.
459 4073 611 4152 Agricola,
625 4095 654 4136 c.
667 4095 699 4136 n.
713 4077 762 4137 11.
773 4075 867 4136 Andr.
881 4075 973 4136 Borii.

200 4159 279 4222 1664
297 4166 390 4240 Jenre,
406 4178 437 4230 8.
451 4171 600 4248 Agricola,
612 4191 681 4232 cuns
696 4193 725 4234 n.
736 4172 827 4244 Bosii,
841 4171 951 4237 additis
962 4169 1120 4234 Boxbomii
1132 4177 1303 4238 conuenta

196 4257 437 4347 -Wittaberga,
452 4277 482 4330 8.
497 4267 667 4348 Gerurania,
678 4289 749 4334 1111
758 4268 837 4332 uotis
846 4271 905 4333 Ge.
916 4269 1006 4354 Caro.
1017 4267 1220 4335 Kircbmaieri.
