3200 4917
288 362 377 435 ttae
641 378 750 427 noun
773 376 976 427 vsnronun
1001 371 1042 424 tn

292 520 421 572 meionis.
453 519 556 569 stridat.
893 518 960 569 css.
973 523 1013 567 lo.
1031 516 1211 580 Simsscnione
1225 505 1395 584 modeim}

326 598 546 661 Neqneillius]1u
566 596 709 658 exemplari
728 595 824 645 Italico
859 595 932 659 netis]
959 594 1034 642 Rom.
1054 592 1120 641 edit.
1143 592 1284 652 signatione.
1320 592 1392 654 Lips.

293 674 405 723 adhunc
418 674 501 721 locum
519 672 679 735 adscriptum
697 670 756 731 fnit,
775 670 824 718 Eo·
861 669 974 732 Reposui
996 682 1029 716 ex
1047 666 1179 716 veteribus
1198 682 1297 729 vocem,
1312 668 1394 728 signe·

291 750 346 797 deno
357 747 425 797 serlo
436 754 491 796 snut
503 747 620 795 Petronii.
637 746 672 795 Et
683 760 743 793 sane
756 758 824 809 qun·
860 748 933 805 tione,
952 758 1009 808 qrrae
1028 749 1128 793 mutate
1149 749 1206 791 erut
1224 744 1252 791 in
1272 743 1393 809 signfica-

292 823 352 873 dsm
370 829 430 872 sunt
451 816 526 872 initio
543 821 657 885 Sstyrici
672 819 824 869 Petrouinni
862 821 932 870 tione.
958 820 1002 870 Sic
1014 817 1135 869 inferius:
1153 820 1162 847 ‘
1172 819 1301 868 neminem
1313 819 1394 869 norni-

292 908 351 962 quae
361 900 437 961 lurjus
450 899 634 961 disputationis
649 896 712 946 locis
723 897 824 959 aliquot
861 898 939 959 nabo,
950 912 1031 961 genus
1050 897 1180 945 homiuum
1199 896 1315 960 signasse
1332 912 1395 947 con·

293 973 633 1021 ssldecouseutanessunt.
666 968 782 1019 Pithone.
861 974 965 1023 rentur!
1000 974 1112 1023 Putm.

329 1048 362 1095 Ut
383 1049 476 1107 longine
497 1046 558 1095 nisit
583 1046 709 1097 AEschines
730 1050 754 1093 et
775 1044 824 1091 De·
903 1049 959 1097 Non
978 1050 1052 1097 mito
1069 1052 1150 1111 piures
1171 1066 1241 1111 orrum
1266 1048 1395 1115 trecentos]

292 1124 421 1173 mosthener
442 1123 548 1171 mosmos
573 1122 620 1169 iste
644 1120 729 1181 enitet]
756 1118 824 1166 Tm
861 1124 893 1173 Iu
905 1124 1021 1187 margine
1032 1123 1121 1172 addidi
1133 1137 1206 1174 cccc.
1218 1126 1309 1175 verius
1330 1126 1396 1189 Lips.

292 1206 428 1260 postremus
440 1196 568 1245 dictiones
579 1194 686 1242 indubie
702 1200 825 1256 portenta
862 1200 937 1248 Falso
953 1206 1040 1262 suma,
1054 1212 1112 1249 ccc.
1124 1215 1204 1250 snm.
1228 1202 1331 1251 veriori
1344 1205 1396 1252 021.

292 1280 352 1329 tunt
374 1271 532 1321 mendarum·
566 1268 638 1320 Quid
658 1269 679 1316 ti
699 1269 778 1330 legii,
797 1272 825 1316 ul
862 1276 920 1323 culo
931 1275 956 1323 id
968 1275 1115 1323 observavit
1126 1277 1261 1324 hlercerus
1272 1290 1306 1325 ex
1317 1276 1396 1327 histo·

292 1348 385 1410 longins
402 1347 464 1396 nisit
487 1344 598 1393 AEsohine
624 1358 653 1391 oe
670 1344 827 1393 nennium
862 1350 911 1400 ria.
929 1350 964 1398 Et
975 1350 1078 1410 cicero,
1086 1349 1163 1398 &cst
1176 1350 1289 1399 piciens.

295 1426 431 1481 Dosl'ihettt,
454 1426 478 1469 ti
502 1421 524 1468 εἰ
547 1420 599 1483 qttt's
619 1420 680 1467 olins
701 1418 766 1480 Eph.
789 1418 826 1466 tel
895 1424 952 1473 Non
966 1424 1039 1472 noim
1049 1428 1274 1487 numquamne!
1287 1426 1343 1485 sm
1358 1443 1397 1475 ω.

293 1496 449 1562 nutritio?
483 1496 552 1546 Nam
562 1494 619 1545 lieri
631 1500 719 1557 potest
732 1500 761 1541 ut
777 1494 826 1541 Do·
862 1502 915 1550 denu
925 1500 1014 1564 mense]
1039 1500 1095 1550 Iuro
1113 1513 1146 1549 ex
1161 1503 1291 1566 anologio,
1309 1503 1395 1567 inquit

294 1576 383 1625 sitiens
406 1573 498 1637 nliqrris
519 1578 605 1620 orntor
626 1570 694 1633 apud
718 1570 826 1619 Graecos
863 1576 1046 1638 Pithoeumon
1061 1578 1135 1625 soloin
1150 1591 1197 1641 qno
1214 1592 1264 1640 sos,
1283 1580 1324 1627 sed
1340 1577 1396 1639 sere

294 1666 328 1701 eo
340 1660 457 1713 tempore
470 1649 624 1711 vixeritque
641 1646 773 1695 conditum
785 1651 827 1694 cst
863 1654 942 1701 eodem
951 1653 999 1701 dis.
1021 1652 1077 1714 Ego
1087 1664 1137 1701 non
1148 1658 1253 1703 mntem.
1286 1654 1352 1715 Lips.

293 1728 343 1777 hoc
368 1726 529 1789 opusculum.
574 1726 715 1786 comparat
736 1722 826 1786 itaque
897 1730 963 1778 css.
975 1732 1014 1777 17.
1036 1728 1129 1777 Vitellii
1143 1742 1216 1777 usone
1236 1728 1335 1791 senon]
1354 1730 1396 1779 Ex

294 1810 410 1853 veterem
422 1800 568 1851 AEschinem
581 1806 608 1848 el
628 1806 760 1847 recentem
773 1798 827 1847 Do·
863 1803 946 1852 turbis
957 1804 1118 1866 vulgaturum
1131 1804 1272 1853 editionum
1290 1806 1317 1853 in
1330 1820 1396 1855 voce

296 1880 414 1936 sirheum,
431 1877 452 1925 si
472 1890 533 1925 vers
550 1874 764 1937 conjecturncst,
781 1879 827 1922 aut
864 1894 945 1938 mum,
971 1880 1111 1943 suspicent,
1135 1879 1283 1935 additium
1313 1882 1397 1945 ipsam

296 1954 406 2003 similam
423 1952 517 1999 alirino:
546 1964 606 1999 uam
626 1949 700 2012 hujus
722 1948 786 1996 mihi
801 1949 827 1996 in
864 1968 939 2014 erm
956 1961 985 2003 et
1004 1955 1114 2017 glossam
1132 1956 1200 2004 inin,
1222 1957 1397 2019 pfoecedenfi.

295 2020 408 2079 menteni
428 2028 509 2086 verrit,
526 2025 639 2091 syllabas
655 2027 763 2075 istarum
774 2025 828 2073 dic·
863 2031 955 2093 ipnoe:
972 2044 1029 2093 qnae
1046 2032 1100 2079 sola
1116 2032 1246 2095 integrum
1264 2047 1342 2081 unum
1353 2047 1397 2081 su·

295 2106 394 2155 tionum
415 2104 527 2153 rimanti.
561 2102 592 2151 ld
611 2110 696 2151 tannen
714 2100 828 2164 exempli
865 2118 924 2153 uum
936 2105 1059 2167 exprimit
1075 2106 1224 2169 eleganter:
1244 2121 1398 2171 quamquain

211 2210 215 2217 ·
295 2196 373 2232 conisa
385 2188 493 2244 putetur
502 2180 610 2228 dictum.
629 2180 736 2227 Rhenon
757 2179 828 2227 Vere
865 2196 914 2231 nec
941 2181 1104 2244 ineleganter
1130 2182 1214 2231 alters
1239 2182 1397 2247 adjrrngitur.

296 2270 324 2311 et
346 2258 465 2320 εὐστόχως
487 2258 631 2320 emendavi,
649 2256 762 2306 &cerdon
782 2257 829 2305 iste
865 2257 998 2306 Aeidnliss.

293 2341 403 2389 Nicetes.
431 2338 496 2387 Cum
510 2336 620 2385 inlibris
634 2341 712 2395 esset,
722 2336 830 2383 suenone
898 2332 936 2381 Ao
952 2332 1189 2393 “nominasselicis
1199 2333 1270 2396 hoino
1278 2331 1398 2397 principo-

295 2417 339 2465 iste
357 2416 440 2465 enitet.
473 2416 583 2463 Nicetes
601 2411 723 2461 sacerdos
743 2410 829 2459 deols·
865 2408 1051 2472 tssstotionenr]
1069 2409 1083 2438 ⁵
1100 2410 1326 2460 addesexauuos.
1354 2408 1397 2458 Au

297 2500 383 2540 metor
399 2490 491 2538 nobilis
507 2504 539 2537 eo
556 2502 621 2536 sero.
647 2486 747 2535 Plinius
759 2486 776 2533 l.
788 2498 828 2534 vt.
866 2486 1023 2547 scripserat?
1034 2488 1189 2549 otoeeipernn
1200 2486 1400 2536 GciioeetOtho·

296 2570 347 2615 &c
366 2566 381 2595 ⁶
401 2568 495 2615 Exstat
513 2562 664 2613 Philostrati
684 2560 784 2610 Lemnii
796 2560 830 2608 de
866 2561 938 2609 stret
952 2561 1044 2611 Vitellii
1057 2578 1127 2612 unns
1144 2577 1245 2611 omns:
1260 2562 1399 2626 (intellige,

296 2642 345 2691 hoc
358 2642 454 2691 Nieete
472 2642 497 2689 iu
509 2640 577 2688 Vitis
588 2638 765 2701 sophistarum
780 2636 830 2685 elo·
867 2637 952 2701 sdjice
961 2638 982 2703 ε)
997 2655 1026 2688 ne
1040 2656 1084 2689 sex
1096 2639 1158 2703 jorn,
1171 2648 1223 2691 tsm
1232 2640 1316 2700 seticis
1330 2640 1400 2701 Mne

298 2716 377 2780 girum
397 2716 429 2765 de
447 2730 498 2780 quo
515 2715 634 2765 Pithoeus
656 2727 702 2762 nos
721 2712 830 2762 ruonnit.
865 2714 1013 2777 principatus
1029 2716 1163 2778 ricimerem,
1180 2732 1226 2779 qno
1244 2716 1399 2779 Vespasiano

298 2792 422 2842 Nominat
431 2800 459 2841 et
477 2794 579 2840 Seneca
598 2798 681 2854 pater,
698 2790 775 2839 Cout.
787 2802 830 2839 rx.
866 2790 1032 2854 renrpnhiionnr
1035 2790 1121 2851 soret.-
1134 2807 1179 2840 sex
1183 2793 1239 2854 jaro
1251 2792 1307 2842 soil.
1318 2806 1399 2842 anuos

300 2872 340 2917 11.
360 2869 440 2917 ‘Nec
466 2867 536 2919 Jullo
558 2882 606 2916 uec
629 2867 672 2915 olii
693 2867 832 2928 contigisse
868 2866 1011 2929 tomseiiois,
1023 2867 1048 2915 id
1067 2874 1118 2927 est,
1135 2867 1211 2916 valde
1230 2865 1324 2930 felicis,
1341 2864 1399 2915 t'eli-

299 2960 345 2995 suo
356 2945 488 3010 [scribam
500 2960 547 2994 uec
557 2946 646 3005 Vibio,
657 2960 705 2993 uec
715 2944 757 2993 alii
771 2958 831 2993 con·
867 2942 970 2991 cissimi.
1004 2942 1074 2991 Nota
1096 2946 1124 2991 et
1145 2940 1277 3005 frequenti
1299 2941 1399 2991 Latinis

299 3020 388 3085 tigisse
401 3021 466 3083 scio]
481 3034 557 3085 qinom
575 3020 644 3083 opud
659 3022 766 3069 Graecos
784 3021 807 3069 N
812 3020 831 3069 i·
868 3020 1007 3082 locutione,
1022 3027 1060 3080 ut,
1070 3018 1078 3045 ⁴
1090 3018 1155 3069 Quis
1166 3018 1296 3068 desiderio
1307 3019 1342 3068 sit
1353 3031 1399 3080 pu-

298 3105 373 3158 ncto,
394 3097 463 3160 opud
485 3098 612 3145 Romanos
631 3097 748 3159 Latroni,
770 3102 798 3145 ut
815 3110 831 3144 a
867 3097 916 3147 dor
935 3098 1097 3159 arnmodus,
1115 3099 1176 3146 Tam
1196 3098 1267 3147 chari
1279 3094 1401 3161 capitisi'

299 3174 434 3237 discipulis
457 3188 508 3222 non
528 3172 611 3223 ourliri
634 3172 832 3221 desiderarent:
868 3177 917 3223 &c
953 3175 1005 3224 Sed
1034 3174 1096 3225 nihil
1122 3182 1209 3223 tnnren
1236 3172 1399 3225 mutaverim.

300 3250 336 3298 Et
356 3248 447 3295 eodem
478 3247 523 3295 lib.
553 3250 628 3296 Cont.
651 3248 699 3295 ult.
723 3247 832 3297 Nicetes
868 3250 987 3300 Scholion.

299 3322 406 3385 egregio
418 3322 484 3369 dixit
496 3322 520 3368 iu
534 3319 624 3368 eodem
643 3321 707 3369 loco.
727 3320 830 3381 Lipsius.
908 3324 940 3373 Se
955 3325 1081 3383 sacretur
1101 3328 1125 3373 et
1145 3338 1233 3387 mne
1254 3315 1402 3384 isieffoioee]

300 3398 343 3445 Sic
367 3398 430 3459 legit
451 3396 556 3445 doctiss.
575 3402 602 3445 et
621 3394 832 3459 elegantissimus
869 3400 993 3463 Legotei
1003 3414 1098 3461 pngsoe.
1116 3400 1149 3449 Et
1160 3400 1289 3448 Muretus.
1307 3400 1401 3449 Acidoi.

301 3476 405 3539 Lipsius
414 3490 445 3523 ex
464 3474 559 3533 Plinio,
570 3473 643 3535 cujus
653 3474 832 3537 conjecturam
901 3476 953 3525 Nec
974 3474 1091 3525 dividatis
1108 3472 1223 3535 nenium]
1251 3475 1353 3522 Glorior
1370 3481 1401 3525 et

301 3552 383 3616 magis
403 3549 538 3599 coufirmat
559 3548 713 3598 Philostrati
732 3550 832 3599 Lemnii
868 3552 1016 3615 expressior
1034 3552 1087 3601 erit
1103 3550 1234 3601 conclusio
1251 3550 1316 3611 traso,
1333 3549 1353 3597 si
1370 3564 1401 3598 ne

301 3630 334 3679 de
355 3630 448 3679 Nicete
466 3628 578 3691 elogium
596 3628 623 3676 iu
635 3628 694 3677 vitis
705 3629 833 3691 sophista·
868 3629 976 3689 scribas,
986 3636 1014 3678 et
1029 3644 1087 3678 cnm
1106 3626 1281 3691 superioribus
1297 3627 1349 3675 alin
1362 3626 1401 3674 in·

302 3720 375 3765 rnur;
393 3702 468 3767 cujus
488 3701 609 3751 indicium
629 3702 759 3753 Neveleto
776 3717 833 3752 meo
870 3706 1052 3769 terpunctione
1071 3706 1144 3753 volnt
1168 3712 1273 3753 nectus:
1301 3702 1401 3753 Asinius

302 3782 395 3831 debeo.
424 3780 540 3829 Pithoeus.
582 3779 614 3827 In
641 3778 749 3827 Senecae
774 3779 831 3829 loco
866 3784 1115 3845 paramentum
1126 3778 1401 3831 dwenitsnedisidntis

300 3855 451 3920 legendum:
470 3871 511 3905 nee
521 3856 564 3905 olii
579 3855 623 3903 olii
640 3854 765 3915 contigisse
774 3856 831 3906 scio.
868 3859 977 3907 secuisset.
1009 3856 1118 3906 heldat:

301 3934 396 3982 Similis
414 3934 487 3981 locus
500 3932 568 3995 apud
580 3932 705 3981 Senecam
717 3930 794 3981 Ceut.
806 3937 830 3983 t.
902 3934 969 3982 Cor.
989 3936 1029 3982 ls.
1057 3934 1091 3981 nt
1112 3933 1275 3996 moestiorem
1293 3930 1403 3979 intrate·

302 4006 376 4071 prael'.
393 4010 401 4036 ⁴
417 4008 450 4055 Hi
468 4022 519 4056 non
537 4016 637 4057 tautum
657 4008 832 4059 disertissimis
868 4008 1007 4071 nosceret]
1034 4008 1116 4057 Dele?
1144 4016 1171 4058 et
1191 4006 1248 4056 sac!
1277 4006 1402 4055 Ceterum

302 4086 376 4145 viris,
399 4098 463 4147 qrros
484 4084 570 4148 paullo
591 4091 652 4133 sote
675 4085 762 4147 retuli,
785 4086 833 4135 sed
870 4087 990 4135 Muretus
1006 4091 1142 4135 notaverat
1153 4084 1297 4133 uberiorem
1313 4080 1403 4131 lectio·

303 4162 381 4213 ctiam
401 4162 518 4213 Ciceroni
539 4163 660 4215 Cestium
677 4178 750 4211 sunm
767 4178 833 4226 prae·
869 4176 944 4211 nem:
961 4167 985 4209 st
1004 4174 1060 4225 quos
1073 4161 1165 4210 utinm
1179 4175 1208 4209 ss
1224 4160 1251 4209 is
1269 4160 1313 4207 tth
1330 4160 1402 4221 porte

302 4238 468 4303 ferrent,uisi
478 4239 577 4305 lapides
588 4236 727 4289 timerent!
737 4238 832 4292 Aridni.
868 4238 975 4288 initam
987 4244 1057 4287 suet.
1089 4236 1188 4287 Nescio
1199 4235 1232 4287 de
1246 4234 1351 4300 ingenio
1366 4247 1401 4284 tn
