3200 4917
299 411 387 478 4⁴96
617 465 622 473 .
652 427 682 474 s.
708 424 819 474 mrsu
846 425 1045 475 Excunsus
1128 449 1129 452 =

298 568 438 619 LONOO.
465 567 545 617 IAM.
571 565 755 616 TEMPORE.
781 564 1002 616 SENATORFS.
1031 565 1132 614 HVIC.
1160 563 1287 614 CVRIAE.
1315 565 1400 616 001(-

298 650 397 698 FERT.
415 649 474 697 EX.
491 646 574 699 QVA.
592 647 767 697 CODONIA.
795 647 912 696 INTER.
940 646 1089 697 PAVCOS.
1116 643 1322 696 EQVESTRIS.
1341 644 1400 694 OR-

297 729 408 778 DINIS.
430 728 701 778 ORNAMENTVM.
727 726 966 777 L.vEST1NVM.
984 725 1296 775 FAMILIARISSIME.
1314 724 1402 774 Dm-

297 808 359 859 00.
377 809 432 856 ET.
456 808 658 860 IIODIEQVE
683 809 733 857 IN.
760 807 884 856 REBVS.
909 807 1005 856 MEIS.
1030 807 1204 856 DETINEO.
1222 800 1401 853 cvlvs,1.1·

296 887 392 938 BERI.
410 887 610 938 FRVANTVR.
629 887 764 939 omo.
783 886 911 935 PRIMO.
929 883 1252 936 SACERIIOTIORVM.
1266 883 1402 935 GRADV.

296 967 395 1017 POST.
421 968 540 1017 MODO.
566 967 652 1016 CVM.
679 964 1051 1015 ANNIS'PROMOTVRI.
1078 965 1298 1015 DIGNITATIS.
1315 964 1400 1014 SVAE.

296 1045 545 1097 INGREMENTA.
564 1047 622 1095 VT.
640 1047 771 1096 DIRVM.
797 1046 940 1095 NOMEN.
958 1044 1155 1095 LATRONIS.
1171 1044 1328 1095 TACEAM.
1346 1045 1398 1093 ET.

297 1126 374 1176 ODI.
398 1127 518 1176 ILLVD.
544 1125 806 1175 PALESTRICVM.
832 1124 1056 1174 PRODIGIVM.
1081 1124 1193 1175 QVOD.
1219 1125 1322 1173 ANTE.
1346 1123 1400 1174 IN.

295 1208 444 1258 DOMVM.
462 1205 717 1257 CONSVLATVM.
744 1205 897 1253 INTVLIT.
915 1205 1032 1256 QVAM.
1049 1204 1224 1254 COLONIA.
1250 1203 1327 1254 SVA.
1345 1205 1400 1255 SO-

295 1286 427 1339 LIDVM.
445 1285 630 1336 CIVITATIS.
643 1284 819 1334 ROMANAE.
837 1285 1076 1334 BENEFICIVM.
1088 1285 1310 1334 CONSECVTA.
1328 1284 1398 1334 EST.

294 1366 402 1416 IDEM.
430 1365 489 1413 DE.
517 1365 668 1414 PRATRE.
697 1364 784 1413 EIVS.
823 1364 974 1414 POSSVM.
1004 1365 1148 1416 DICERE.
1179 1363 1399 1414 MISERARILI.

295 1445 450 1497 QVIDEM.
476 1444 823 1495 INDIGNISSIMOQVE.
849 1445 935 1494 HOC.
954 1445 1052 1495 CASV.
1069 1445 1122 1494 VT.
1139 1445 1256 1494 VOBIS.
1274 1443 1397 1506 VTILIE,

293 1524 470 1574 SENATOR.
488 1525 577 1576 ESSE.
594 1524 685 1573 NON.
702 1522 835 1573 POSSIT.

293 1603 445 1655 TEMPVS.
480 1601 553 1651 EST.
580 1600 660 1653 IAM.
687 1602 736 1650 TI.
764 1603 896 1653 cAEsAn.
932 1605 1158 1654 GERMANICE.
1194 1602 1398 1653 DETEGERE.

293 1682 346 1731 TE.
363 1680 547 1730 PATRIBVS.
573 1681 824 1741 CONSCRIPTIS.
850 1683 936 1734 QVO.
962 1683 1117 1736 TENDAT.
1145 1682 1290 1734 ORATIO.
1316 1680 1397 1732 TVA.

293 1759 374 1810 IAM.
399 1761 504 1810 ENIM.
520 1759 584 1812 AD.
600 1761 803 1812 EXTIIEMOS.
827 1763 941 1812 FINES.
961 1763 1111 1815 GALLIAE.
1128 1760 1396 1815 NARBONENSIS.

292 1840 448 1896 ¹VENISTI.
1092 1887 1094 1894 .

292 1921 379 1976 TOT.
407 1922 508 1972 ECOE.
540 1921 718 1971 INSIONFS.
757 1923 924 1972 IVVENES.
960 1922 1066 1974 QVOT.
1094 1923 1267 1972 INTVEOR.
1306 1921 1395 1972 NON.

292 2001 418 2054 mols.
444 2001 544 2051 SVNT.
581 2000 800 2052 PAENITENDI.
834 2001 1051 2052 SENATORES.
1080 2001 1193 2053 QVAM.
1219 2001 1395 2052 PAENITET.

291 2080 485 2132 PERSICVM.
504 2080 781 2130 NOBILISSIMVM.
801 2081 927 2130 VIRVM.
954 2079 1112 2131 AMICVM.
1138 2083 1255 2130 MEVM.
1273 2079 1394 2130 INTER.

290 2160 684 2211 IMAGINFS.MA10RVM.
708 2160 869 2209 SVORVM.
892 2159 1154 2210 ALLOBROGICI.
1180 2161 1323 2210 NOMEN.
1340 2160 1396 2210 LE-

291 2239 396 2290 OERE.
415 2239 489 2291 QVO
495 2239 530 2288 D.
549 2238 590 2288 SI.
608 2237 698 2288 ΗΕΘ.
710 2238 779 2287 ῙΤΑ.
790 2239 882 2288 ESSE.
895 2238 1141 2290 CONSENTITIS.
1154 2240 1255 2292 QVID.
1267 2239 1394 2290 VLTRA.

291 2318 540 2370 DESIDERATIS.
573 2318 688 2370 QVAM.
716 2320 772 2368 VT.
800 2319 920 2368 VOBIS.
948 2319 1097 2370 DIOITO.
1130 2319 1394 2376 DEMONSTBEM.

289 2399 423 2450 SOLVM.
439 2399 713 2452 IPSVM.,VLTRA.
739 2400 854 2449 FINES.
881 2399 1103 2451 PROVINCIAE.
1126 2398 1393 2450 NARBONENSIS.

289 2477 368 2528 IAM.
384 2478 502 2528 VOBIS.
519 2479 739 2530 SENATORES.
758 2481 927 2532 MITI'ERE.
945 2479 1108 2532 QVANDO.
1128 2482 1188 2530 EX.
1205 2479 1393 2532 LVODVNO.

289 2557 450 2610 HABERE.
477 2558 556 2608 NOS.
573 2559 713 2610 NOSTRI.
730 2558 894 2609 ORDINIS.
912 2559 1028 2608 VIROS.
1046 2560 1135 2610 NON.
1153 2559 1325 2610 PAENITET.
1347 2557 1395 2607 TI·

289 2637 395 2688 MIDE.
423 2638 579 2690 QVIDEM.
604 2640 636 2689 P.
662 2640 693 2689 C.
720 2641 912 2692 EGRESSUS.
938 2639 1131 2692 ADSVETOS.
1160 2637 1393 2690 FAMILIARES·

289 2718 370 2770 QVE.
399 2719 516 2772 VOBIS.
551 2720 846 2773 PROVINCIARVM.
877 2721 1082 2771 TERMINOS.
1118 2722 1198 2771 SVM.
1226 2721 1304 2772 SED.
1333 2719 1393 2769 DE·

287 2795 445 2848 STRICTE.
464 2798 542 2850 IAM.
559 2799 726 2850 COMATAE.
751 2799 902 2851 GALLIAE.
921 2799 1045 2850 CAVSA.
1062 2798 1223 2850 AGENDA.
1249 2798 1323 2848 EST.
1340 2798 1393 2860 IN.

287 2874 371 2928 QVA.
387 2877 430 2926 sl.
447 2878 539 2930 QVIS.
556 2879 641 2931 HOC.
664 2881 859 2931 INTVETVR.
877 2881 988 2932 QVOD.
1007 2879 1134 2929 BELLO.
1157 2879 1239 2928 PER.
1255 2878 1391 2929 DECEM.

287 2955 422 3015 ANNOS.
452 2959 730 3014 EXERCVERVNT.
748 2961 884 3011 DIVOM.
909 2961 1050 3016 IVLIVM.
1069 2960 1174 3012 IDEM.
1204 2957 1391 3009 OPPONAT.

287 3036 446 3086 CENTVM.
471 3037 667 3090 ANNORVM.
692 3038 925 3090 IMMOBILEM.
953 3041 1079 3090 FIDEM.
1096 3038 1391 3098 OBSEQVIVMQVE.

285 3116 423 3168 MVLTIS.
438 3118 618 3169 TREPIDIS.
635 3121 757 3170 REBVS.
780 3119 941 3170 NOSTRIS.
960 3119 1165 3170 PLVSQVAM.
1181 3117 1391 3174 EXPERTVM,

285 3195 370 3245 ILLI.
389 3197 510 3248 PATRI.
527 3200 616 3249 MEO.
634 3201 762 3252 DRVSO.
778 3200 1018 3252 GERMANIAM.
1035 3197 1240 3262 SVBIGENTI.
1256 3197 1389 3246 TVTAM.

285 3275 427 3325 QVIETE.
449 3277 526 3326 SVA.
550 3280 802 3344 SECVRAMQVE.
826 3281 860 3331 A.
882 3281 1014 3332 TERGO.
1039 3279 1175 3329 PACEM.
1201 3277 1390 3326 PRAESTITE·

285 3351 393 3416 RVNT.
406 3354 458 3401 ET.
471 3355 625 3406 QVIDEM.
639 3358 725 3406 CVM.
738 3359 796 3408 AD.
809 3360 952 3408 CENSVS.
962 3358 1076 3407 Novo.
1087 3357 1174 3405 TVM.
1186 3354 1320 3404 OPERE.
1338 3357 1391 3406 ET.

283 3430 503 3484 l-NADSVETO.
515 3432 668 3485 GALLIIS.
680 3435 744 3485 AD.
757 3437 915 3508 BELLVM.
933 3436 1131 3488 AVOCATVS·
1144 3435 1257 3490 ESSET.
1273 3436 1388 3488 QVOD.

284 3511 385 3562 OPVS.
399 3511 713 3569 ‚QVAM.,AanvM.
739 3516 803 3566 SIT.
833 3515 961 3570 Noms.
979 3515 1088 3570 NVNC.
1115 3516 1202 3566 CVM.
1225 3514 1388 3576 MAme.

284 3592 456 3649 QVAMVIS.
480 3593 595 3644 NIHIL.
611 3597 742 3646 VLTRA.
767 3597 883 3650 QVAM.
899 3597 952 3648 VT.
975 3596 1139 3647 PVBLICE.
1163 3594 1275 3646 NOTAE.
1293 3594 1388 3646 SINT.

283 3671 525 3738 EACVL'I'ATES.
552 3674 708 3727 NOSTRAE.
733 3675 987 3730 EXQVIRATVII·
1016 3676 1130 3729 NIMIS.
1159 3673 1303 3728 MAGNO.
1328 3674 1388 3726 Ex-

282 3752 511 3817 PERIMENTO.
528 3756 797 3809 COGNOSCIMVS.
