3200 4917
512 396 705 448 ascensus
728 397 1001 446 coN'rlNUA'rlo.
1215 381 1303 446 1010

204 539 471 607 annotationibus
481 545 585 604 aucta
602 545 653 604 est
662 545 685 619 ;¹
707 538 799 622 quod
821 555 902 601 vero
925 537 969 602 ad
998 535 1159 600 Notitiam
1176 536 1303 602 Litora·

202 643 288 710 riam
301 644 444 724 spectat,
465 640 555 704 nullo
578 639 681 704 modo
696 639 777 702 satis
792 643 903 704 aucta.
948 637 1036 703 Haec
1061 637 1140 702 edit.
1164 638 1304 720 repetita

202 747 283 826 post
304 747 443 807 mortem
464 740 590 819 Crollii,
612 740 738 823 prodiit
760 741 894 824 Bipont.
926 739 1023 804 1792.
1046 738 1200 804 104001.
1226 737 1305 802 800.

203 861 284 910 cura
297 840 426 905 Exteri.

246 942 280 1006 A
306 942 454 1006 Treatise
469 962 512 1005 on
536 942 589 1006 the
613 941 789 1018 Situation,
814 939 984 1017 Mamers,
1008 940 1072 1004 and
1097 939 1302 1006 Inhabitants

203 1043 244 1108 01
263 1042 444 1126 Germany,
467 1043 531 1106 and
553 1042 608 1106 the
630 1042 707 1105 hile
727 1041 767 1105 ot’
787 1039 957 1123 Agricola,
995 1042 1039 1125 by
1062 1041 1101 1106 C.
1127 1041 1301 1106 Cornelius

203 1144 354 1208 Tacitus.
399 1143 597 1207 Translated
610 1143 679 1206 into
695 1141 833 1223 English
845 1143 889 1226 by
903 1142 936 1205 J.
951 1141 1065 1220 Ailrin,
1092 1142 1141 1206 M.
1159 1143 1203 1205 D.
1225 1143 1302 1208 800.

204 1243 597 1309 Onon.1815.-Prima
624 1243 764 1326 hujusce
790 1245 900 1326 operis
923 1245 1026 1308 editio
1053 1246 1176 1328 prodiit
1206 1242 1303 1310 War-

202 1334 344 1428 rington,
368 1348 463 1412 1771.
488 1345 565 1410 800.
591 1345 671 1408 min.
715 1343 875 1427 Repetite
897 1351 949 1407 est
976 1344 1054 1408 ibid.
1081 1345 1177 1410 1801.
1199 1345 1302 1411 2001

201 1446 277 1512 800.
292 1450 370 1512 min.
407 1450 526 1512 iterum
553 1446 659 1510 Lond.
686 1445 914 1510 18115.1001.
940 1445 1019 1511 800.
1065 1465 1180 1509 rursus
1206 1446 1302 1511 18117.

201 1549 402 1632 tandemque
429 1555 463 1613 01
485 1549 613 1626 ultimo,
641 1552 815 1629 utsupra,
851 1545 966 1609 Oxou.
989 1547 1086 1610 1815.
1139 1545 1301 1624 Laudem,

202 1652 470 1735 quamprimum
494 1650 676 1733 promeruit
698 1653 731 1711 et
753 1647 905 1723 obtinuit,
929 1648 1147 1711 conservavit.
1194 1646 1303 1712 Acce-

201 1753 313 1836 pimus
328 1759 495 1816 auctorem
508 1751 667 1816 eximium
680 1751 714 1812 in
729 1751 839 1812 animo
855 1750 1009 1812 habuisse
1026 1751 1173 1813 omnium
1191 1749 1302 1815 Taciti
1419 1807 1425 1818 .

203 1851 352 1936 Operum
373 1853 676 1934 interpretationem
693 1848 792 1930 Angl.
810 1849 969 1930 praebere,
992 1856 1025 1915 et
1040 1851 1138 1914 etiam
1153 1851 1188 1914 in
1203 1869 1303 1932 opere

202 1954 359 2037 quiddam
382 1971 593 2036 progressum
617 1969 703 2027 esse,
726 1948 785 2011 sed
813 1949 981 2031 Murpheii
1001 1950 1151 2013 versione
1175 1969 1303 2031 01000-

202 2055 320 2131 010010,
344 2055 519 2117 conatibus
535 2054 605 2116 suis
620 2051 850 2127 succubuisse,
873 2050 964 2133 quod
979 2051 1020 2113 de
1035 2053 1117 2126 viro,
1141 2052 1198 2133 qui
1212 2051 1303 2134 quod

203 2157 280 2236 egit,
303 2161 371 2218 tam
384 2156 468 2216 hene
480 2155 559 2234 egit,
581 2152 756 2216 dolendum
772 2159 835 2217 est.
880 2152 968 2216 Haec
983 2159 1108 2214 tantum
1123 2157 1173 2215 est
1193 2152 1302 2216 versio

203 2255 357 2338 Anglica,
388 2276 464 2320 cum
488 2255 578 2318 notis
600 2254 751 2337 plurimis
774 2261 808 2318 et
831 2254 946 2318 charta
968 2253 1189 2336 geographica
1211 2253 1303 2317 illus-

204 2362 299 2422 trata.
343 2357 588 2422 Annotationes
602 2357 897 2439 sunt-plerumque
919 2375 940 2418 a
963 2353 1302 2419 Brotieriodesumtae

203 2462 236 2520 et
250 2455 392 2539 Anglice
408 2475 526 2533 versae,
550 2475 626 2521 cum
645 2455 777 2539 judicio
791 2457 936 2534 selectae,
959 2462 994 2519 et
1007 2455 1175 2520 historicis
1190 2456 1301 2522 Taciti

201 2558 288 2622 bene
303 2558 572 2623 accommodatae.
1296 2579 1298 2584 ’

248 2658 288 2723 C.
303 2658 341 2724 G.
357 2660 439 2723 Tac.
464 2657 576 2741 Opera
598 2678 675 2741 quae
698 2664 887 2742 supersunt.
932 2657 1048 2722 Editio
1065 2663 1218 2722 accurate
1232 2675 1304 2722 cor·

203 2767 305 2826 recta·
326 2759 474 2824 Wirceb.
490 2759 585 2824 1815.

205 2929 209 2934 ,
247 2860 286 2925 C.
303 2859 446 2924 Cornelii
459 2859 569 2923 Taciti
594 2858 717 2942 Opera.
762 2859 877 2926 Edidit
902 2860 945 2924 G.
962 2860 1124 2937 Pclrazzi,
1147 2860 1303 2927 eSociet

203 2960 288 3026 Jesu
301 2961 468 3044 (Profess
482 2961 657 3043 Eloquent.
673 2961 799 3038 Rom),
822 2963 937 3024 41010.
952 2961 1028 3026 800.
1052 2960 1173 3024 Romae
1185 2961 1282 3024 1815.

205 3115 209 3122 .
246 3060 445 3124 Admirabili
468 3080 545 3124 cum
559 3059 637 3137 tide,
661 3063 709 3125 ait
731 3061 904 3142 Kliigling,
929 3063 1023 3125 salvo
1049 3067 1158 3124 tamen
1180 3047 1307 3140 linguae

203 3162 390 3232 vernaculae
413 3163 544 3241 ingenio
568 3170 602 3224 et
630 3163 806 3242 elegantia,
829 3162 941 3224 Taciti
973 3161 1085 3242 Opera
1113 3158 1305 3228 Germanici

202 3266 302 3331 vertit
317 3265 408 3330 Frid.
424 3263 501 3328 Car.
516 3263 556 3326 de
585 3263 793 3340 Strombeclr,
817 3265 839 3328 3
853 3271 931 3327 tom.
946 3263 1023 3327 800.
1049 3263 1128 3346 maj.
1152 3261 1303 3330 Brunsw.

204 3367 298 3432 1816.
311 3388 385 3450 quae
402 3365 513 3432 versio
529 3365 645 3429 ceteris
660 3367 813 3430 omnibus
828 3364 957 3428 videtur
970 3364 1186 3448 praeferenda.

247 3466 286 3530 C.
302 3467 340 3531 C.
355 3469 466 3532 Taciti
482 3468 605 3551 Opera.-
649 3468 773 3546 Edidit,
787 3468 1003 3551 Indicemque
1012 3467 1106 3551 jecit,
1122 3468 1166 3530 Ι).
1180 3465 1302 3532 Joach.

206 3566 296 3631 Diet
312 3567 470 3633 Seehodc.
514 3568 609 3634 Tom.
635 3585 659 3631 1.
688 3569 780 3634 Dial.
802 3569 843 3632 de
869 3567 958 3632 Orat.
983 3568 1098 3632 Vitam
1120 3566 1302 3648 Agricolae,

204 3675 239 3734 01
252 3669 464 3734 Germaniam
479 3672 660 3749 continens,
684 3671 820 3736 Hanov.
835 3668 1104 3752 lero-Singuli
1118 3668 1193 3732 libri
1208 3685 1303 3749 sapa·

203 3773 302 3838 ratim
314 3769 396 3836 editi
409 3774 497 3847 sunt,
519 3769 702 3850 eodemque
715 3790 811 3837 armo.
873 3851 875 3858 Ι

699 3971 806 4021 NOTAE

237 4091 251 4134 1
275 4085 433 4150 subigitur,
453 4083 734 4147 immooptimo,jure
775 4082 913 4146 Dibdinur,
934 4083 1113 4134 Introduction
1137 4087 1187 4134 810.
1212 4041 1302 4136 1011ιο

205 4159 272 4210 hane
280 4161 422 4212 editionem
436 4160 535 4224 magma
546 4160 664 4210 laudibus
675 4175 734 4225 pro·
775 4158 864 4208 Greek
876 4159 926 4208 and
939 4159 1036 4210 Roman
1047 4159 1171 4226 Classica,
1191 4160 1303 4226 0111111,

205 4242 367 4302 1000110011,
380 4237 437 4302 ipae
456 4237 564 4288 multum
583 4235 735 4302 landandus,
775 4237 846 4288 18111.
863 4249 888 4300 p.
898 4239 955 4287 1108.
