3200 4917
336 423 423 491 4476
690 438 720 488 J.
743 439 857 488 nrrsrt
882 397 1080 490 axouusus

337 580 447 645 Ambigo
465 580 543 640 enim,
563 585 591 630 et
612 581 695 644 possit
714 581 834 644 rescribi,
857 581 973 631 bscilsudi
992 581 1083 632 caelibes
1101 584 1184 647 petis,
1200 580 1268 646 biae,
1292 583 1439 633 mimderdir

335 661 443 712 coelibass
451 661 535 724 peris,
545 675 620 709 sensu
632 662 749 711 clariore.
783 661 878 724 Capite
897 661 961 724 legis
982 661 1060 713 Juliae
1072 661 1178 712 confusa
1189 677 1247 712 cum
1256 663 1330 712 iatius
1344 681 1351 712 ι
1370 663 1440 712 ideo·

336 755 387 806 qne
399 743 492 805 passim
501 743 597 804 scripta
608 741 856 791 iurisconsultorum
868 741 981 800 laudata,
997 743 1005 770 ⁴
1019 740 1060 789 Ad
1071 743 1154 804 legem
1164 743 1261 793 Juliam
1269 749 1296 791 et
1304 742 1413 805 Papiam
1423 745 1440 793 ι’

336 822 374 870 ita
385 822 499 885 iuquam,
510 829 538 870 ut
551 822 644 884 Papia,
656 837 713 885 qnae
724 822 824 884 plenior
835 821 1012 884 acerbiorque,
1024 820 1166 870 aboleverit
1175 829 1203 870 et
1214 822 1286 869 velut
1297 821 1438 872 absorbue-

336 901 373 951 rit
390 901 474 953 Julius
495 903 574 964 leges.
608 903 699 951 Latum
716 902 771 950 dixi
791 917 838 964 per
849 891 989 949 Senatum:
1008 909 1035 950 et
1056 889 1144 950 rerum
1159 889 1215 950 est:
1234 891 1318 966 eoque
1330 903 1438 952 Paullus

335 981 404 1032 libro
415 995 441 1030 ι.
453 983 485 1030 sd
495 983 579 1042 legem
590 983 687 1032 Juliam
699 991 727 1031 et
745 981 853 1044 Papiam
863 988 993 1031 auctorem
1004 983 1127 1032 Senatum
1140 983 1270 1032 nominat:
1289 983 1297 1010 ‘
1310 982 1360 1030 Sed
1373 983 1437 1031 illud

338 1062 418 1126 queri
431 1062 535 1125 potest,'
546 1063 641 1126 iuquit,
657 1063 666 1089 ⁴
674 1076 707 1112 ιιι
727 1061 796 1110 idem
813 1062 967 1110 servandum
976 1061 1011 1110 sit
1020 1063 1088 1126 quod
1099 1063 1209 1111 Senatus
1218 1061 1326 1122 censuit,
1336 1061 1438 1110 etiamsi

336 1141 363 1190 Ιιι
375 1142 451 1191 aliern
464 1157 599 1205 personam
611 1141 911 1206 captionemrlircxeril!
945 1142 1039 1204 Capita
1059 1141 1115 1204 ejus
1133 1142 1196 1204 legis
1213 1142 1297 1204 pluria
1312 1137 1437 1190 fuerunt:

336 1221 403 1272 adeo
430 1230 459 1271 at
488 1234 575 1270 xxxv.
602 1221 690 1270 landet
715 1220 777 1269 alibi
798 1221 955 1270 Marcianus.
988 1223 1026 1270 Ea
1043 1228 1072 1270 ut
1091 1222 1215 1271 distincte
1236 1234 1387 1286 proponam,
1404 1220 1437 1270 eb

335 1302 439 1351 bomine
451 1317 489 1348 rne
502 1302 591 1362 exiget
601 1315 676 1350 nemo
688 1301 777 1351 bomo:
799 1299 906 1351 confuse
918 1301 1038 1367 quaedam
1051 1300 1203 1364 recensebo,
1212 1309 1239 1352 et
1251 1303 1288 1351 nti
1301 1301 1398 1352 dabunt
1410 1315 1438 1351 se

337 1380 507 1429 submannm.

369 1459 465 1508 Carur
480 1462 524 1509 De
542 1461 685 1522 enuptione
703 1467 777 1510 extra
795 1465 900 1523 pentem
916 1459 1095 1525 ordinemque.
1129 1462 1175 1511 Uti
1192 1461 1310 1512 omnibus
1320 1461 1438 1524 ingenuis

335 1537 469 1588 libertinas
492 1554 584 1589 uxores
606 1540 702 1589 ducere
719 1541 764 1604 jus
787 1540 1157 1604 esset,Senstoriiaexceptis.
1192 1540 1438 1604 ConceptaCapitie

336 1619 394 1683 ejus
411 1619 500 1681 verba,
523 1622 591 1684 apud
610 1621 730 1669 Paullum
749 1620 794 1669 lib.
816 1633 835 1668 ι.
857 1619 966 1669 adhunc
981 1622 1075 1684 legem.
1110 1621 1178 1684 Lege
1189 1621 1260 1671 dulia
1272 1620 1437 1685 iteraretur,

335 1699 406 1750 ‘Qvi
422 1709 526 1750 senator
542 1707 591 1764 est,
613 1701 689 1765 quire
708 1700 775 1750 filivs
799 1715 960 1765 proneposve
980 1716 1014 1750 ex
1032 1700 1087 1750 filiu
1107 1708 1167 1750 ueto
1186 1701 1257 1749 cvivs
1279 1714 1367 1749 eorrrn
1386 1710 1437 1764 est,

337 1780 388 1830 erit
399 1794 405 1827 ε
423 1795 455 1829 ue
466 1782 523 1845 qvis
533 1796 620 1830 eorem
630 1796 749 1844 sponsam
765 1795 914 1842 uxoremve,
923 1783 1006 1831 scieas
1018 1781 1077 1831 dolo
1088 1781 1155 1830 malo
1164 1781 1260 1830 habeto
1270 1781 1417 1830 libertinam
1428 1797 1435 1841 ;

337 1867 383 1908 art
394 1875 450 1910 earn
462 1876 518 1926 quse
531 1863 594 1924 ipsa,
607 1862 710 1910 cuiusve
722 1867 799 1924 pater
808 1867 923 1910 materne
931 1869 1012 1909 artem
1023 1861 1147 1910 ludicram
1157 1859 1230 1924 fecit,
1240 1859 1334 1909 fecerit
1346 1878 1353 1909 ε
1370 1875 1436 1910 uere

337 1942 463 1990 senatoria
472 1940 526 1990 filia
536 1943 654 2005 neptisve
666 1955 699 1988 ex
709 1940 773 2003 filio,
781 1941 948 2004 proneptisre
960 1955 993 1990 ex
1009 1947 1105 2006 nepote
1123 1941 1178 1990 lilio
1194 1946 1256 1989 usto
1274 1947 1344 2001 usta,
1357 1940 1437 1990 liber-

336 2019 401 2082 tino,
420 2021 477 2069 eive
498 2022 542 2085 qvi
559 2022 625 2084 ipse,
648 2021 752 2070 evirare
768 2027 844 2084 pater
859 2026 975 2071 materre
996 2029 1080 2072 artem
1100 2021 1226 2072 ludicram
1249 2019 1314 2070 iacit
1334 2019 1438 2084 fecerit,

336 2113 429 2164 sponse
447 2109 561 2165 nuptare
582 2101 664 2150 sciens
684 2101 743 2149 dolo
765 2101 833 2150 malo
851 2106 917 2149 esto.
937 2114 1002 2149 nere
1024 2102 1081 2165 qvis
1098 2115 1184 2151 corum
1204 2101 1339 2149 dolomalo
1352 2100 1437 2148 sciens

332 2194 450 2244 sponsam
470 2196 609 2230 uxoremve
627 2195 683 2230 eam
701 2181 817 2230 habeto!
851 2183 886 2231 Et
897 2195 911 2229 e
923 2182 980 2244 lege
992 2182 1093 2246 quidem
1103 2182 1173 2233 Julia
1183 2177 1302 2231 'recenset
1314 2180 1436 2230 Pauline:

335 2260 381 2309 sed
404 2261 507 2309 insitum
526 2262 551 2308 in
570 2253 678 2324 Papiam
697 2260 776 2310 foisse
792 2262 862 2311 clare
883 2262 962 2311 docet
978 2263 1084 2312 Celeus:
1109 2263 1202 2326 ‘Lege
1222 2261 1322 2325 Papis,’
1342 2259 1437 2324 inquit,

335 2341 590 2390 ‘careturomnibus
602 2342 728 2405 ingenuit,
747 2350 845 2405 praeter
861 2333 999 2392 Senatores
1015 2357 1153 2407 eorumque
1173 2343 1276 2405 liberos,
1289 2341 1438 2391 libertinam

336 2419 550 2471 uxorembabere
561 2422 658 2471 licere!
690 2422 812 2470 Meminit
828 2429 857 2472 et
877 2422 928 2470 Dio
948 2422 1035 2485 ejusce
1054 2422 1147 2486 capitis
1163 2421 1207 2472 lib.
1228 2435 1282 2473 arv.
1301 2420 1394 2478 ἰιιειιὴ
1411 2419 1438 2470 tl

336 2497 399 2548 πολὺ
414 2502 497 2550 πλεῖον
515 2500 544 2548 rb
555 2501 623 2564 ἄρῤιν
643 2503 687 2550 τοῦ
707 2501 791 2559 θήλεις
806 2503 849 2551 τοῦ
863 2503 971 2564 etymon
989 2501 1026 2563 ἦν,
1045 2499 1157 2566 διέτριψε
1176 2499 1215 2550 rrui
1231 2499 1376 2565 ἔξιλιυθίριι
1386 2503 1438 2550 rats

336 2577 451 2643 worma,
467 2581 532 2639 πλὴν
556 2583 603 2629 reia
628 2582 798 2644 βουλευόντων,
824 2581 933 2646 ἄγεσθαι,
955 2580 1051 2643 ἔννομον
1066 2582 1111 2640 τὴν
1125 2580 1272 2631 resrruroriuu
1288 2583 1363 2630 auru·
1379 2577 1437 2630 eirea

336 2658 458 2710 reatinen.
493 2661 545 2710 Ubi
559 2668 645 2711 ιιιιιειι
670 2662 822 2726 interpretis
845 2663 938 2726 supina
966 2661 1079 2726 μετιορῐι
1097 2663 1240 2712 vertentis:
1267 2661 1304 2711 Aa
1327 2661 1436 2724 quoniam

335 2743 432 2790 mali
440 2744 540 2806 patricii
548 2743 643 2804 germis
652 2759 772 2794 sumerum
786 2744 945 2807 patriciarum
958 2743 1105 2804 farinarum
1114 2743 1186 2792 usulto
1196 2741 1328 2805 anteibunt,
1339 2741 1438 2790 liberans

329 2821 393 2882 serit
402 2828 429 2870 ιιι
440 2823 482 2885 qui
499 2825 582 2872 oedem
603 2825 687 2888 (modo
699 2825 825 2875 Senatores
836 2840 865 2874 ne
875 2824 969 2888 euml)
980 2824 1077 2874 liberlm
1092 2827 1163 2873 etium
1179 2821 1292 2888 (cautius
1303 2829 1331 2872 et
1341 2821 1438 2884 uerius,

334 2901 473 2952 libertinus:
491 2902 637 2966 ὶειλινθίριιι
653 2905 721 2953 enirn
737 2907 791 2955 Dio
811 2905 889 2969 dixit,
906 2920 957 2955 uon
980 2903 1145 2968 ἀπελευθέρας.
1170 2901 1326 2967 'nutriemur
1347 2908 1436 2952 sutem

335 2983 358 3031 ol
373 2985 420 3031 reis
436 2983 622 3048 inrumpentem
638 2985 691 3044 niel,
702 2985 739 3036 ait
750 2985 910 3051 Hesychius)
926 2989 1118 3051 duceremur,
1132 2999 1253 3048 eorumque
1261 2983 1347 3032 libem
1355 2983 1437 3044 ¹²85st-

334 3077 384 3112 ruse
393 3064 764 3129 minuit.1in,rbclqrrls,
775 3067 920 3117 Patricium
931 3067 1027 3131 ubique
1040 3067 1118 3116 vertit
1129 3083 1135 3116 ι
1153 3071 1181 3116 ιι
1191 3065 1327 3128 iugenuam
1339 3063 1438 3112 debue-

336 3151 385 3207 ιιι,
396 3146 463 3195 exui
476 3147 558 3211 serbi,
573 3147 696 3214 legisque.
728 3149 851 3198 Meminit
863 3149 956 3198 iterum
968 3147 1021 3196 Dio
1033 3148 1078 3196 lib.
1090 3159 1134 3196 av.
1153 3146 1179 3194 in
1189 3157 1297 3208 persona
1307 3142 1418 3206 Augusti
1428 3158 1436 3192 ε

335 3224 382 3272 Kal
392 3226 538 3291 selamim
550 3231 600 3277 ruis
610 3245 641 3290 'ys
651 3227 694 3291 tt·
703 3231 747 3277 rusi
756 3231 911 3287 βουλεινιικιῦ
921 3227 987 3280 οὖσιν
1000 3227 1100 3291 ἄγεσθαι
1113 3226 1275 3288 σωιχόριισα.
1297 3225 1333 3274 Et
1343 3222 1435 3273 roden

335 3315 423 3350 errore
430 3302 466 3351 ibi
474 3305 611 3367 interpam,
619 3307 649 3354 τι
657 3308 818 3371 βουλευτικὸν,
825 3309 955 3358 Patricius
963 3309 1058 3357 vertit:
1070 3319 1128 3355 cnm
1139 3304 1297 3367 senatorios,
1306 3317 1367 3351 rere
1380 3316 1436 3366 pos·

335 3388 385 3429 set.
419 3381 513 3430 Latum
532 3385 582 3432 boe
602 3391 682 3446 caput
704 3385 871 3434 matrimoniis
892 3383 1105 3448 frequentandis:
1123 3389 1153 3430 at
1170 3382 1192 3430 si
1205 3395 1281 3445 quem
1292 3383 1435 3447 digniorem

335 3472 408 3508 amor
419 3467 464 3510 snt
475 3463 593 3512 voluutas
604 3465 726 3513 traxisset
737 3464 770 3513 ad
782 3465 867 3528 imper
879 3465 981 3529 jugum,
994 3463 1051 3527 lege
1058 3464 1135 3528 jungi
1146 3463 1247 3513 liceret.
1281 3464 1348 3513 Nara
1360 3475 1437 3515 antea

334 3540 453 3590 vetitam.
485 3541 580 3605 Neque
602 3543 779 3593 Decemvirali
797 3544 866 3609 lege,
885 3542 995 3608 patricio
1014 3558 1072 3592 cum
1096 3542 1207 3608 plebeis,
1224 3558 1309 3608 neque
1321 3545 1435 3609 ingenuo

334 3633 393 3670 oum
404 3620 523 3670 libertina
535 3622 658 3672 connubii
671 3623 724 3689 jus.
756 3625 835 3673 Prius
854 3623 977 3673 abolitum
995 3641 1002 3672 :
1022 3624 1190 3690 meminitque
1208 3625 1294 3675 Lirim
1310 3627 1327 3677 l.
1349 3639 1387 3676 ιι.
1407 3627 1436 3676 in

334 3701 451 3750 oratioue
461 3701 579 3752 canum
588 3703 712 3753 Tribuni:
732 3711 761 3753 et
772 3704 791 3753 l.
803 3717 830 3751 x.
843 3703 888 3752 ubi
899 3709 1024 3753 matrona
1035 3705 1156 3754 Patricia
1167 3705 1319 3769 virginiam,
1329 3707 1399 3770 quod
1418 3720 1436 3756 e

334 3780 453 3844 patribus
475 3781 628 3845 enupsisset,
645 3783 724 3830 sacris
746 3788 895 3833 arcuerunt.
927 3783 1026 3834 Mansit
1046 3785 1173 3848 posterius
1186 3800 1193 3833 ι
1206 3785 1238 3834 ad
1255 3783 1322 3834 banc
1341 3785 1435 3849 legem,

335 3861 395 3910 ride
412 3876 471 3925 quse
483 3861 575 3911 Cicero
586 3860 700 3910 Antonio
710 3860 744 3910 de
755 3861 837 3911 liudis
848 3861 954 3926 objecit,
969 3863 1035 3912 Pbil.
1048 3877 1078 3914 ιι.

367 3941 463 3990 Cenon
483 3941 626 3990 subnexum
643 3941 713 3991 forte
732 3943 830 4006 priori:
849 3944 881 3993 de
893 3944 1021 3993 connubio
1036 3951 1201 4010 patronorum
1211 3959 1269 3994 eum
1280 3943 1436 3994 libertabus.

334 4020 480 4070 Verborum
491 4031 592 4085 partem
603 4023 728 4087 Ulpianus
739 4024 867 4088 appendit
882 4023 949 4073 libro
963 4039 1005 4075 ιιι.
1023 4025 1055 4074 ad
1067 4026 1151 4090 legent
1162 4025 1256 4078 sultam
1266 4032 1294 4076 et
1306 4023 1414 4089 Papiam
1427 4042 1434 4076 ι

336 4099 363 4149 iu
385 4113 417 4148 eo
432 4099 503 4165 jare,
522 4099 592 4164 quod
611 4102 684 4166 dicit,
700 4103 806 4154 ‘Invito
827 4109 945 4167 patrono,
963 4104 1084 4155 libertam
1104 4121 1161 4170 qvae
1180 4107 1203 4154 ei
1223 4112 1304 4168 nrpts
1321 4113 1372 4168 est,
1391 4105 1436 4154 alil

335 4177 434 4231 urbere
453 4195 506 4232 uon
524 4195 612 4250 posse,
632 4190 770 4251 patronum
788 4182 1009 4250 accipimus,'&c.
1043 4185 1079 4237 Et
1095 4185 1358 4238 idemiterunrlau.
1392 4185 1435 4236 Ile
