3200 4917
289 383 378 452 4492
495 443 498 447 ,
614 439 619 446 .
643 397 673 447 u.
698 398 811 448 nrrsrr
837 365 1038 449 excursus

290 540 442 605 Angustos:
460 551 542 605 eaque
562 540 698 592 adnotatio
715 540 741 588 in
762 539 907 590 Aetisoum
924 554 989 588 aura
1005 538 1101 601 habita,
1119 537 1209 602 utique
1225 541 1284 602 port
1303 535 1387 589 Juiias

286 618 525 686 Papiasqneiegea.
551 621 702 672 iuvenalis:
725 621 781 668 ‘'l'n
803 620 874 668 libris
895 609 1021 668 Actorurn
1042 632 1166 681 spargere
1184 617 1281 680 gaudes
1303 616 1389 681 Argu·

289 707 378 754 manta
389 700 457 749 riri?
485 700 635 764 Apuleios:
653 704 661 728 ⁴
672 701 754 749 Pater
765 707 854 748 natum
867 698 916 748 sibi
927 698 1007 748 filiurn
1018 706 1164 748 ceterorum
1175 713 1246 746 rnore
1256 696 1388 759 professus

288 779 348 830 est!
370 781 496 834 ,Scaevoia
516 780 688 830 iib.·xxvrrr..
711 780 751 827 De
772 778 947 841 probationib.
963 815 965 821 ,
981 778 1096 826 ‘Mulier
1117 778 1224 841 gravida
1246 777 1392 840 repudiata,

287 859 396 908 absente
409 861 502 910 marito
514 860 595 908 tiliam
606 861 693 922 enixa,
704 866 733 907 ut
745 859 861 922 spurium
882 858 907 906 in
921 857 994 906 Actis
1006 857 1121 920 professa
1138 857 1195 906 est!
1228 857 1388 920 Capitolinus

286 939 313 986 in
325 938 481 994 Gordianis:
498 941 507 990 ,⁴
521 940 612 987 Fiiinm
624 939 786 987 Gordianum
797 937 899 990 nomine
911 935 1035 985 Antonini
1048 944 1075 986 et
1091 938 1161 996 signo
1173 936 1320 998 illustravit,
1330 951 1387 985 cunr

262 1030 269 1039 ¹
287 1018 356 1082 apud
367 1018 447 1068 Praef.
460 1020 555 1084 aerarii,
567 1033 638 1068 more
648 1019 772 1078 Romano,
783 1016 913 1080 professos
925 1017 1015 1079 tilium,
1025 1017 1133 1080 publicis
1144 1015 1218 1066 Actis
1230 1017 1284 1080 ejas
1296 1031 1388 1066 nomen

286 1098 432 1152 insereret?
450 1100 526 1148 .Non
542 1097 617 1148 saliet
634 1104 661 1147 te
672 1097 740 1146 idem
754 1096 915 1160 Capitolinus
930 1097 955 1144 in
976 1098 1015 1146 Μ.
1028 1096 1147 1158 Aurelio,
1162 1098 1207 1161 qni
1228 1096 1266 1145 ita
1284 1097 1318 1146 de
1335 1098 1384 1146 huo

286 1176 571 1240 professione-disserit,
580 1176 654 1242 qnasi
664 1178 710 1226 iile
718 1177 846 1226 invenerit
856 1177 969 1240 primus:
986 1178 1080 1226 ‘Inter
1091 1177 1162 1239 trec,'
1187 1177 1274 1241 inquit
1303 1177 1310 1204 ‘
1322 1176 1386 1225 iibe-

287 1258 354 1312 raies
365 1273 468 1308 caussas
477 1259 515 1308 ita
530 1258 648 1318 munivit,
665 1265 695 1306 ut
704 1257 803 1320 primns
817 1259 924 1321 juberet
937 1258 1004 1321 apud
1014 1257 1161 1307 Praefectos
1178 1257 1260 1306 aerarii
1280 1255 1386 1306 Saturni

287 1350 492 1401 unumquemque
503 1338 598 1386 cisium
610 1343 686 1386 notos
697 1336 793 1386 iiberos
806 1335 932 1400 profiteri,
943 1337 1011 1387 intra
1023 1337 1128 1388 tertium
1140 1336 1209 1386 diern
1220 1337 1323 1386 nornine
1341 1337 1386 1384 irn-

237 1451 241 1460 .
287 1416 396 1478 poeitoz'
414 1418 491 1469 Quod
501 1417 578 1466 aliter
589 1425 646 1465 est:
665 1418 709 1465 sod
722 1415 958 1480 addiditquaedam,
968 1417 1174 1481 immutavitqrro.
1208 1418 1248 1466 De
1258 1417 1386 1466 matrimo-

287 1494 527 1561 uiisdirortiisque,
538 1497 688 1548 ciarumost
697 1497 724 1545 in
737 1498 806 1546 Aeta
817 1497 900 1546 reiata
911 1495 991 1546 fuisse
1009 1504 1118 1562 propter
1129 1498 1235 1562 praemia
1246 1509 1385 1561 poenasque

285 1575 381 1638 legum.
414 1576 471 1627 lnro
483 1576 560 1628 etiam
570 1584 630 1627 aute
640 1577 747 1639 Juliam,
757 1576 925 1641 Papiomque.
936 1621 938 1626 .
948 1577 1044 1627 Caelius
1056 1578 1088 1627 ad
1102 1579 1262 1639 Ciceronem,
1274 1580 1282 1605 ⁴
1293 1577 1386 1626 Pautia

207 1651 211 1655 ’
284 1656 390 1708 Valeria
406 1656 504 1719 [scribo
520 1656 618 1717 Vates-ii,
630 1659 655 1705 id
666 1663 714 1719 est,
725 1655 850 1720 coniunx]
866 1670 940 1710 soror
952 1657 1056 1709 ‚Triarii
1076 1658 1215 1707 divortium
1228 1657 1287 1708 sine
1294 1671 1385 1708 caussa

285 1735 360 1789 feeit.
394 1737 518 1799 Nuptura
534 1742 574 1785 eat
585 1738 621 1793 D,
634 1738 732 1788 Bruto:
750 1737 863 1786 nondum
877 1738 1034 1787 rettulerat?
1066 1739 1226 1799 Rettulerat,
1240 1737 1384 1788 soiiicetin

285 1815 364 1873 Aeta.
398 1816 738 1872 SenecaDeBenet'rciis:
761 1819 849 1870 ‘Quia
868 1820 1020 1870 veronulla
1037 1817 1303 1881 jansinerdivortio
1324 1826 1384 1868 aeta

285 1897 432 1961 auatqnod
444 1898 673 1961 suspendebant,
694 1896 781 1948 faeere
794 1897 963 1952 didicerunt!
996 1899 1031 1947 Et
1049 1899 1080 1948 ad
1093 1899 1256 1950 matrimonia
1268 1899 1384 1961 pertinet

284 1991 374 2043 uersos
384 1977 526 2040 Juvenaiis,
543 1981 551 2005 ⁴
564 1979 640 2028 Fient
656 1979 705 2028 ista
717 1979 812 2042 palanr,
824 1979 931 2042 cupient
943 1986 971 2028 et
982 1979 1011 2030 in
1018 1979 1088 2030 Aeta
1098 1977 1204 2028 referri!
1237 1978 1304 2028 Haeo
1316 1977 1384 2028 ncta

282 2070 301 2108 a
309 2057 400 2108 acribia
411 2059 611 2123 tabellariiaque.
619 2058 740 2110 confecta
751 2060 882 2123 ridentur,
899 2067 927 2110 et
946 2060 979 2110 ad
989 2059 1090 2110 Atrium
1103 2059 1245 2108 Libertatis
1257 2059 1282 2106 in
1299 2057 1383 2107 Tabu-

284 2136 350 2187 lario
361 2138 503 2188 adservata
516 2140 688 2201 iiviuaxrprr.
701 2142 709 2168 ‘
722 2141 850 2191 Censores
860 2142 1026 2205 extemploin
1039 2143 1132 2191 atrium
1142 2140 1284 2190 libertatis
1296 2153 1383 2188 ascen·

285 2216 388 2279 dorurrt,
400 2226 427 2269 et
438 2219 475 2268 ibi
485 2219 593 2282 signatis
605 2219 706 2270 tabellis
719 2222 839 2285 publicis,
857 2223 994 2287 clausoque
1005 2222 1143 2284 tabniario,
1161 2228 1190 2270 et
1198 2220 1307 2269 dimissis
1319 2215 1382 2283 pub·

284 2296 340 2347 iieis
350 2297 449 2348 servin'
482 2298 532 2348 Cui
543 2305 618 2348 retus
629 2300 766 2365 inscriptio
778 2302 920 2352 Curatores
932 2310 1018 2352 tamen
1029 2302 1151 2369 quoidam
1162 2302 1290 2365 adsignat.

605 2399 630 2434 c.
648 2398 833 2435 catamitus.
852 2399 959 2434 erariis

606 2478 664 2514 sax.
682 2467 842 2515 naraoa‘rvs
934 2507 937 2515 ,

608 2558 639 2594 rr.
656 2557 814 2595 roneasrrs.
832 2558 919 2594 nvnco

606 2637 770 2676 nasarius.
788 2639 922 2676 nacionis
978 2667 981 2674 .

605 2719 774 2755 cvnsroaas.
790 2719 976 2755 rravnrnroa.

283 2821 287 2830 .
606 2797 798 2836 rvunrcoavrr.
815 2799 876 2836 rac.
894 2799 960 2836 ova.
1272 2823 1275 2830 -

283 2863 321 2913 dt
341 2876 375 2911 ex
386 2862 470 2912 Taciti
487 2876 550 2913 xrrr.
567 2866 771 2927 colligaseuram
782 2881 839 2916 eam
855 2866 1011 2918 Qnaestorib.
1037 2864 1116 2915 fuisse
1135 2871 1180 2913 ant
1198 2861 1283 2912 orarii
1304 2862 1375 2910 Pra-

282 2942 369 2993 feetis.
401 2943 568 3008 ‘Princeps‚’
585 2945 677 3008 inquit,
695 2947 799 2994 ‘ruram
820 2947 964 2996 tabularum
982 2944 1142 3008 publicarum
1163 2959 1178 2991 a
1197 2941 1377 2994 Quaatoribus

282 3022 316 3072 ad
328 3023 471 3074 Prai'eotos
489 3025 640 3074 transtulit?
671 3027 761 3090 quue
778 3024 842 3074 facit
859 3024 929 3090 quod
947 3025 985 3074 M.
1006 3024 1128 3074 Aurelius
1145 3021 1322 3072 Prosesaiones
1342 3023 1378 3070 in·

281 3101 391 3154 fantium
404 3105 506 3155 rettulit
517 3105 549 3153 ad
561 3105 653 3154 AErarii
665 3105 829 3168 praefectos..
848 3107 975 3156 Tabniarii
987 3104 1084 3154 montio
1101 3104 1179 3152 etiarn
1192 3103 1321 3160 Ciceroni,
1329 3115 1377 3165 pro

280 3185 387 3234 Rabirio
395 3186 579 3248 perduellionis
586 3200 644 3235 reo:
657 3187 817 3251 Virgiiioqne
826 3186 923 3248 Georg.
935 3200 967 3235 rr.
980 3189 986 3213 ‘
997 3193 1044 3234 aot
1056 3184 1144 3248 popuii
1157 3182 1283 3232 tabularia
1295 3181 1378 3230 vidit.¹

282 3262 446 3312 Ubiserrins
457 3265 584 3326 quedam.
617 3265 781 3328 Lampridius
799 3267 825 3314 in
848 3265 997 3316 Alexandro
1015 3263 1112 3313 referre
1133 3263 1236 3314 ridetur
1253 3262 1377 3310 Actorum

282 3339 472 3390 coniectionem
493 3343 524 3390 ad
546 3343 668 3393 Praefect.
691 3344 775 3393 orbis:
793 3345 887 3393 ‘Fecit
908 3343 1015 3403 Rornae,'
1032 3343 1123 3406 inquit,
1138 3342 1291 3390 ‘curatores
1308 3341 1377 3392 urbis

281 3428 343 3470 nu.
359 3421 406 3468 sed
417 3421 598 3470 exconsularea
611 3423 689 3482 viros,
706 3437 770 3485 quos
780 3422 870 3472 andire
881 3423 987 3484 negotia
1004 3422 1073 3472 urbis
1086 3421 1174 3485 jussit,
1191 3427 1219 3469 ut
1230 3430 1319 3470 ornnes
1330 3425 1376 3470 ant

282 3503 374 3563 magna
387 3515 446 3564 pars
455 3501 587 3560 adessent,
597 3517 654 3551 cans
666 3502 736 3552 Aeta
746 3502 855 3554 fierent!
871 3503 923 3552 Sed
935 3502 1064 3564 iuteiiogit
1068 3503 1205 3566 judiciaria
1216 3501 1292 3551 Acta.
1326 3502 1376 3549 Fu·

280 3589 358 3632 erunt
368 3589 396 3631 et
405 3582 528 3646 Registra
538 3583 656 3646 quaedam
674 3583 785 3646 publica,
795 3590 892 3648 praeter
902 3584 957 3633 hae
970 3583 1049 3643 Acta,
1064 3583 1097 3632 de
1112 3585 1204 3646 quibus
1215 3581 1339 3645 vopiscos
1350 3581 1376 3628 in

279 3661 385 3711 Probo:
402 3662 555 3711 ‘Usus-auur
567 3662 645 3711 etiarn
658 3664 783 3727 Regiatris
795 3664 936 3714 scribarum
950 3665 1066 3728 porticus
1078 3665 1285 3728 Porphyreticis,
1301 3661 1375 3710 Aetia

280 3741 360 3792 etiam
370 3743 490 3802 Senatus,
499 3755 530 3792 ao
552 3742 661 3806 popuii!
695 3744 834 3793 Perierant
846 3745 900 3795 irae
920 3745 1025 3808 publica
1043 3753 1103 3795 autu
1119 3742 1258 3810 (γράμματα
1276 3739 1376 3802 taphsa

212 3873 225 3885 k
282 3823 399 3886 appellat
410 3822 474 3887 Dio)
490 3837 541 3888 qua
556 3829 699 3886 vetustate,
714 3838 764 3889 qua
775 3825 911 3876 incendio:
929 3828 974 3878 sed
994 3827 1127 3891 repararit
1137 3826 1220 3889 primo
1231 3823 1375 3887 principatu

279 3917 326 3951 ruo
336 3903 467 3964 Tiberina,
477 3903 562 3953 tribus
572 3904 738 3954 Senatorium
746 3905 779 3954 ad
791 3906 987 3957 describendum
998 3906 1253 3972 conquirendumque
1264 3901 1376 3966 dilectis.

280 3979 334 4030 Adi
343 3982 463 4032 Granum
475 3999 534 4033 eum
553 3984 708 4048 scriptorem
719 3986 765 4035 lio.
778 3999 845 4037 ivri.
862 3988 887 4035 in
899 3987 965 4036 actis
975 3986 1032 4034 anni
1045 3990 1103 4036 769.
1127 3984 1191 4035 Dixi
1203 3985 1251 4032 ista
1259 3981 1376 4046 laberius,

280 4067 311 4110 et
320 4069 419 4124 prater
428 4077 493 4124 rem,
504 4070 534 4114 at
542 4073 675 4116 constaret
686 4066 712 4114 in
724 4075 798 4128 parte
806 4065 949 4130 juventuti,
959 4072 1118 4130 qrroeessent
1128 4065 1170 4113 iiia
1182 4065 1259 4124 Arta,
1269 4069 1376 4126 quorum

278 4139 432 4190 testimonio
454 4145 550 4194 totiens
566 4153 656 4196 noster
674 4147 777 4212 artique:
789 4148 816 4196 iu
837 4145 961 4196 memoria
980 4161 1066 4202 rerum
1086 4144 1140 4194 usi:
1159 4157 1268 4209 quasque
1289 4139 1378 4194 habita

280 4233 384 4289 semper
394 4220 508 4272 historia
521 4225 631 4274 materia
641 4231 670 4275 et
681 4239 765 4291 seges.
