3200 4917
534 413 574 462 ιιι
601 413 675 462 ιιι.
698 411 740 460 ιι.
762 411 983 465 annuerunt.
1219 393 1308 464 uid

202 555 377 620 ldeatlrtsr
393 555 585 606 culturi
645 555 651 568 '
697 556 725 606 “.
756 554 799 606 Sic
810 555 923 606 Antoren
934 553 1099 620 pretinm,
1116 553 1135 605 l.
1151 565 1210 604 ιιι.
1222 555 1253 604 c.
1262 555 1307 606 De

203 636 424 700 procuratoribus.
453 635 591 687 aletorear
639 635 903 700 rn,l.nlt.1leoffie.
918 637 1060 700 prerid.et
1078 636 1104 685 iu
1117 635 1237 684 Suetonii
1251 635 1310 686 De·

200 717 312 767 anitiano
337 731 361 766 e.
387 721 427 767 ll.
468 715 567 767 Aetore
614 732 771 768 summarum
796 719 848 767 rite
871 717 983 766 t'ortaase
1006 716 1122 780 repoaait
1143 715 1306 765 Torrentius.

202 795 490 860 Certeenimpeenniae
556 799 563 812 '
626 799 674 848 da·
684 807 713 848 et
730 799 908 864 expendenda
926 803 1063 861 praeeraat.
1096 795 1222 860 Apaleinr
1239 797 1258 846 ι.
1273 809 1308 846 ιι.

203 875 436 939 ‘Philoderpotmn
519 885 565 927 rrrt
576 885 689 928 actorem
700 880 750 944 [ita
764 895 780 928 e
798 879 889 930 codice
905 879 1002 944 aeripto
1014 877 1124 928 Giaelloi
1140 876 1222 926 nostri
1244 875 1308 942 lepl-

202 969 269 1019 ιιιιι,
285 969 345 1006 enm
362 959 429 1006 male
451 957 535 1006 adhue
560 957 704 1019 ιιιιιιιιι]ε
730 959 805 1022 eique
832 960 962 1022 precipit,
980 959 1046 1008 buno
1065 956 1166 1007 erutodt
1183 957 1307 1007 redderet

202 1036 259 1086 aloe
270 1048 345 1086 mora
354 1035 507 1099 preminur?
540 1037 578 1086 Ut
588 1051 652 1100 ergo
662 1037 706 1086 isti
715 1037 742 1085 lo
753 1037 972 1101 prieursfsmttis,
987 1041 1024 1088 sie
1034 1045 1062 1088 et
1073 1039 1100 1088 in
1110 1051 1166 1101 rep.
1177 1037 1305 1088 Antoren:

203 1115 238 1164 sle
255 1115 348 1180 qnilros
367 1115 447 1165 Plinii
467 1116 552 1165 locum
564 1117 719 1165 'correctum
738 1117 839 1180 imputo
854 1117 999 1179 juventuti,
1019 1117 1036 1166 1.
1056 1129 1107 1165 ιιι.
1139 1116 1256 1179 Epistola
1274 1113 1308 1164 ari

203 1194 354 1246 Caninium:
370 1195 517 1259 ‘Equidem
528 1197 591 1246 nillil
601 1196 759 1247 commodius
774 1197 886 1258 invenio,
897 1211 974 1260 quum
991 1195 1060 1262 qnod
1077 1196 1134 1259 lpse
1145 1193 1205 1246 feci.
1238 1193 1306 1244 Nam

202 1289 252 1340 pro
262 1275 410 1339 quingentis
422 1274 535 1325 suillibus
546 1291 687 1340 unrumtnn,
698 1291 757 1341 qun
768 1275 795 1325 io
807 1277 929 1326 elimenta
945 1277 1115 1340 ingenuorum
1131 1274 1309 1338 prominente,

197 1369 291 1420 aprum
310 1370 345 1404 ex
359 1357 423 1405 mels
433 1357 510 1419 longe
529 1357 612 1420 pluria
622 1357 741 1406 erectori
756 1356 879 1420 [corrige
889 1357 1003 1420 inquam,
1013 1353 1101 1416 uteri]
1117 1353 1222 1418 publico
1239 1367 1310 1404 mao-

199 1435 297 1499 ripavi,
313 1436 433 1485 eamdem
449 1437 572 1501 vectigali
591 1438 714 1502 imposito
733 1437 833 1501 raoepi,
852 1436 953 1487 tricem
970 1436 1051 1486 millia
1069 1449 1154 1484 annua
1174 1431 1307 1484 daturuar'

200 1515 294 1580 qnibns
312 1516 396 1566 verbis
416 1517 480 1566 nihil
499 1518 595 1567 clarius
620 1521 709 1580 pot'eat
733 1517 766 1566 ad
785 1517 869 1566 'l'seiti
888 1521 1009 1566 mentem.
1042 1513 1080 1565 Ut
1099 1514 1168 1564 enirn
1186 1514 1223 1564 ibi
1243 1527 1306 1576 ager

201 1593 295 1644 Actori
307 1597 411 1659 publico
421 1598 598 1661 mancipetur:
616 1599 654 1649 sio
672 1599 715 1648 irio
725 1598 802 1648 servi.
834 1597 903 1647 Vide
916 1610 975 1662 qne
994 1597 1027 1645 de
1037 1595 1104 1659 reip.
1114 1594 1196 1644 servia
1213 1593 1307 1658 sorlpal

201 1674 269 1724 libro
290 1676 450 1740 Electorum,
471 1693 494 1727 o.
513 1682 555 1727 22.
574 1684 601 1727 et
620 1677 688 1727 udde
709 1677 793 1744 (qnod
816 1683 878 1727 tune
906 1691 948 1726 me
966 1673 1047 1738 fugit)
1073 1673 1105 1723 de
1128 1673 1304 1738 appellatione

200 1767 291 1804 eornm
310 1756 539 1819 suspirantibus,
550 1758 674 1807 Varronir
687 1757 814 1822 insignem
833 1757 927 1818 locum,
947 1769 1023 1820 quem
1040 1755 1125 1804 aerina
1144 1755 1250 1817 accepit
1268 1753 1309 1803 alr

201 1833 311 1883 doctor:
328 1835 346 1884 1.
356 1844 407 1884 ιιι.
427 1836 470 1884 De
486 1836 575 1900 lingua
593 1837 702 1886 Latinae
719 1826 852 1886 ‘Nomina
863 1836 958 1886 habeut
970 1834 1086 1899 plerique
1101 1833 1188 1883 liberti
1200 1848 1215 1883 a
1225 1833 1308 1884 mnni-

199 1913 271 1977 eipio
286 1915 449 1964 manumissi:
467 1915 494 1964 in
511 1931 573 1982 qno,
589 1922 619 1966 ut
629 1916 782 1967 societatum
794 1915 951 1966 ettenorum
962 1914 1029 1964 aerei
1041 1927 1092 1962 nno
1102 1919 1238 1963 aerrsrnnt
1247 1926 1307 1976 pro·

199 1993 347 2057 portionem
358 2003 387 2044 et
395 1995 531 2045 rationem.
566 1997 602 2046 Et
609 1997 782 2045 Romanorum
790 1995 877 2045 liberti
888 1994 1035 2044 debuerunt
1046 1990 1108 2053 diei,
1119 1997 1149 2040 nt
1159 1991 1309 2042 aFaveutia

199 2074 371 2135 Faventinnr,
380 2089 396 2123 a
405 2076 489 2124 Reate
498 2076 634 2136 Restione,
644 2075 682 2124 sie
694 2090 710 2122 a
721 2075 806 2124 Rostra
815 2075 961 2131 Romanum
977 2077 1008 2120 nt
1017 2071 1181 2119 nominantur
1193 2068 1307 2120 libertini

200 2167 220 2201 a
231 2152 332 2202 libertis
348 2153 409 2214 orti,
420 2160 448 2202 et
465 2167 480 2200 e
491 2153 602 2216 publicis
612 2154 694 2202 aereis
712 2153 803 2217 populi
814 2151 933 2214 Romani,
944 2151 988 2215 qui
1002 2149 1150 2198 rnenurniari
1167 2155 1307 2213 antequam

200 2231 251 2282 snb
262 2233 461 2294 magistratuum
471 2233 582 2296 nomios,
600 2234 646 2298 qni
660 2247 705 2283 eos
719 2233 872 2296 liberarunt,
889 2232 1029 2284 rneeedere
1046 2230 1198 2295 oeperunt?
1233 2229 1308 2282 Dicit

199 2313 303 2362 Vnrrn:
320 2313 395 2362 Serri
406 2312 503 2376 publici
522 2313 679 2375 manumissi,
687 2313 753 2364 dieti
761 2320 822 2363 runt
832 2313 921 2362 liberti
936 2311 1026 2377 populi
1038 2311 1155 2372 Rotnani,
1164 2310 1202 2360 uti
1215 2323 1308 2374 respae

197 2400 293 2444 erantz
309 2394 456 2443 rnannmiasi
465 2393 578 2458 quidem,
588 2394 736 2460 prinsquam
745 2393 882 2444 ambitiosa
899 2393 955 2442 hren
966 2389 1125 2442 consuetudo
1136 2389 1308 2442 invalesceret

198 2472 352 2524 nominandi
371 2487 386 2521 ι
404 2473 609 2536 magistrntibns.
643 2476 711 2524 Νιι
730 2487 794 2524 ecee
814 2479 950 2536 eoepernnt
968 2470 1108 2521 aconrnle
1119 2471 1240 2535 quopiam
1260 2477 1307 2522 aut

198 2551 488 2610 Praetore‚Coroeliani
499 2552 692 2616 diciſslellieni,
704 2552 831 2604 Clodiani.
863 2553 900 2602 Et
917 2551 985 2602 adde
1001 2551 1068 2614 istis,
1078 2565 1136 2614 quar
1152 2550 1240 2600 notari
1258 2549 1305 2600 ibi.

198 2632 252 2683 Ille
264 2631 361 2682 amiens
371 2638 460 2682 noster
469 2633 503 2682 sd
518 2633 694 2686 recreationes
711 2633 793 2686 refert
808 2639 838 2684 et
853 2633 1004 2684 testamenti
1021 2629 1169 2683 factionem.
1201 2629 1308 2692 Aenteq

198 2712 248 2764 sed
260 2715 480 2778 quotamaonte?
1117 2731 1120 2741 ·

735 2896 771 2947 G.

200 3080 206 3088 .
234 3036 305 3086 cae.
315 3039 357 3085 ιι.
374 3034 450 3086 Anno
460 3037 532 3087 nrbir
543 3049 638 3090 noxrv.
648 3039 657 3066 ⁴
668 3039 708 3088 ll.
726 3037 839 3102 Popillio
851 3039 967 3100 lunate,
976 3037 1025 3086 Cu.
1036 3031 1178 3099 calpurnio
1188 3032 1260 3083 Coss.
1273 3033 1304 3082 C.

199 3116 339 3167 Cornelius
352 3115 486 3180 Hispallus
497 3116 599 3168 Pretor
616 3117 703 3169 edicto
721 3119 858 3169 cnatlaeos
874 3119 944 3168 intre
960 3117 1087 3166 deoimnrn
1103 3115 1172 3163 diem
1183 3111 1256 3162 ahlre
1272 3125 1307 3160 ex

198 3195 269 3244 urire
280 3200 359 3258 stqne
370 3195 548 3259 Italiajnsalt:
563 3199 664 3248 levibns
675 3204 753 3262 atque
771 3199 867 3260 ineptis
877 3196 995 3259 ingeniis,
1004 3194 1092 3243 falisci
1102 3193 1215 3242 sidernnr
1226 3193 1306 3242 inter-

197 3275 359 3340 pretatione,
377 3283 547 3338 qnoestnosam
566 3277 708 3328 mendaciis
724 3277 776 3327 anis
789 3277 931 3340 caliginem
952 3273 1116 3339 injicienteq’
1134 3273 1171 3322 sit
1186 3273 1306 3322 Valerino

195 3355 269 3406 libro
287 3356 380 3419 primo.
397 3354 474 3406 Auno
493 3369 611 3422 nccm.¹
627 3358 666 3424 M„
688 3356 806 3422 Agrippa
827 3358 917 3408 AEdilis
934 3355 990 3406 τοὺς
1010 3353 1169 3418 ἀστρολόγους
1189 3351 1229 3404 roi
1250 3351 1306 3404 wir

197 3435 292 3498 'rium
301 3437 328 3484 ιι
344 3439 388 3494 τῆς
400 3435 491 3488 rium
502 3437 631 3500 ἐξήλασε
647 3441 776 3501 urtmiogna
785 3444 810 3489 rt
820 3443 885 3489 uoles
899 3438 955 3488 arie
965 3437 1032 3499 ejecit
1039 3454 1050 3497 ,·
1063 3443 1153 3488 unctor
1163 3437 1215 3485 Dio
1226 3447 1304 3492 xtut.

196 3517 226 3564 in
251 3523 376 3564 extremo.
409 3516 508 3567 lterum
529 3530 596 3569 enno
616 3531 726 3569 noenu.
748 3519 781 3568 nb
802 3518 920 3583 Augusto
942 3517 1109 3568 interdictum
1126 3530 1218 3565 aevere
1237 3514 1307 3566 omni

195 3595 326 3646 vaticinio
336 3610 367 3645 ac
378 3597 566 3660 prndietioner
584 3605 659 3649 notet
678 3600 747 3650 idern
758 3600 866 3649 Grnem
878 3600 894 3647 1.
908 3613 960 3649 ιιι.
992 3598 1045 3648 Sed
1056 3597 1122 3646 serio
1140 3595 1258 3660 inprimit
1277 3600 1306 3646 et

197 3691 260 3728 enm
274 3691 337 3726 eura
348 3691 379 3725 es
391 3692 431 3726 res
442 3677 539 3739 habito,
557 3679 606 3729 hoe
621 3693 696 3729 enno.
728 3680 964 3740 Senatnsoonrnlti‚
981 3678 1051 3742 quod
1069 3677 1177 3736 fartum,
1195 3675 1304 3730 fororem

196 3765 227 3809 et
238 3757 324 3806 verbe
340 3763 416 3805 nerto
432 3759 538 3821 repperi
555 3759 581 3806 in
598 3760 759 3822 Fragmentis
777 3761 1035 3820 Jurieoonsnltnrnm,
1056 3773 1114 3822 quie.
1132 3755 1206 3824 dedit
1223 3769 1306 3819 nuper

196 3836 367 3888 doetissimur
377 3837 411 3884 P.
424 3837 551 3886 Pitlroeus.
585 3836 631 3886 tiit
649 3837 686 3886 ibi
698 3839 833 3903 Ulpianus,
845 3843 925 3896 1.,ιιι.
944 3841 977 3890 de
994 3837 1063 3888 ollio.
1082 3837 1205 3886 Proeons.
1215 3839 1223 3864 ⁶
1235 3835 1305 3888 ere·

197 3927 276 3970 teres
293 3917 484 3966 interdietaest
501 3917 551 3980 [ita
567 3918 629 3982 legit
641 3919 770 3982 Pitlroens]
787 3921 1029 3972 Mathematieornm
1049 3917 1143 3968 callida
1162 3918 1305 3981 impostura

197 4007 228 4050 et
250 3996 437 4048 obstinacitate
457 3998 599 4059 persuasio.
632 4000 691 4050 Neo
708 3999 785 4049 lindie
807 4001 917 4063 primum
939 3998 1117 4049 interdici—ris
1134 3999 1240 4062 placuit,
1256 3999 1303 4049 sed

198 4087 280 4129 aetna
298 4078 354 4126 ineo
375 4076 517 4140 prohibitio
534 4085 584 4128 ert.
617 4081 737 4146 Denique
748 4089 837 4130 exstet
853 4084 879 4131 S.
900 4083 931 4131 C.
948 4081 1092 4144 Pomponio
1103 4089 1131 4130 et
1142 4081 1210 4132 liufo
1230 4083 1304 4134 Cosa.

199 4157 311 4221 facturn,
321 4172 373 4222 qno
384 4164 501 4220 curetur,
510 4164 541 4208 nt
553 4159 755 4223 Mathematielr,
765 4161 907 4223 Cirnldaeis,
918 4161 1013 4230 ariolis,
1028 4166 1056 4211 et
1074 4163 1167 4212 ceterir
1178 4164 1222 4229 qui
1234 4164 1304 4214 sinri-

200 4237 254 4286 lem
276 4237 303 4285 in
330 4245 431 4288 eertnm
451 4237 570 4291 iecerunt
597 4241 737 4305 [Pithon
762 4242 865 4294 statum
882 4247 972 4296 ιιιιιιι
986 4225 1042 4308 'eqo
1059 4242 1175 4309 tegeris,
1202 4244 1304 4293 similem

268 4313 357 4382 Delplr.
366 4323 390 4368 et
406 4317 464 4370 Vn.
477 4319 542 4371 cun
718 4321 795 4372 Tacit.
1161 4329 1192 4374 ll
1209 4323 1236 4373 D
