3200 4917
259 401 346 468 ⁴4⁷0
614 417 646 465 s.
670 417 784 466 uersu
810 417 1011 472 excursus

258 561 387 612 Muttonis
397 559 509 626 antiquis
519 559 591 610 oolor
599 561 675 610 uibus
697 567 726 611 et
742 561 818 625 niger
833 561 947 625 cogniti:
966 561 1048 626 iisque
1069 562 1140 623 solis,
1159 562 1201 611 vel
1221 564 1363 630 precipuis
1420 621 1428 629 ,

257 655 320 694 ιε.
352 641 390 690 At
406 650 464 706 post
482 641 591 690 sericum
612 642 760 691 tnduetem
771 646 880 703 restem,
897 648 925 690 et
943 642 1076 704 vulgatam
1089 642 1183 701 Conm3
1200 651 1259 705 post
1275 645 1363 706 gelbe-

257 736 326 784 nnm,
335 721 481 783 caeruleam,
493 723 700 786 nsuetbystiuem‚
708 728 738 772 et
757 728 795 770 tot
808 734 905 785 genere
921 730 1027 783 reperte
1042 722 1168 781 colorum,
1180 737 1253 772 rurus
1263 723 1364 787 dignio-

256 802 329 853 rlbns
339 801 441 852 feminis
453 803 505 852 elbi
517 819 592 854 osus:
609 812 711 869 spretm
722 806 836 869 inquom,
848 803 930 868 (quod
942 817 975 851 ex
985 802 1072 865 poetis
1089 799 1168 850 fnelle
1179 801 1285 866 dienen)
1301 817 1364 853 eon.

255 889 423 947 temptuque
433 884 506 933 color
517 885 600 948 elbus,
614 885 679 934 odeo
697 892 727 934 nt
738 892 800 935 note
818 884 903 934 luetus
915 881 995 932 fuerit
1015 882 1128 945 superbo
1145 883 1229 944 sexul,
1246 896 1304 932 eum
1324 884 1363 932 ln.

257 963 351 1013 dnisse.
386 964 445 1013 lloo
456 973 725 1015 eonstsntereenseo:
742 971 831 1016 movet
851 978 892 1014 rue
911 963 1005 1014 leviter
1022 962 1146 1026 Appuleii
1161 963 1232 1011 loeus
1245 964 1261 1012 1.
1273 977 1304 1012 ιι.
1316 965 1363 1027 qni

256 1043 372 1094 inferiori
382 1043 426 1093 illo
438 1059 504 1106 ω,
521 1045 529 1072 ‘
545 1052 688 1095 matronam
698 1043 814 1093 flebilem
826 1044 899 1094 lusce
910 1050 984 1093 veste
996 1043 1150 1092 contectum·
1167 1042 1300 1106 describit,
1310 1057 1361 1093 nou

256 1131 288 1174 ut
297 1125 396 1187 debuit,
405 1125 476 1175 albe:
489 1140 538 1175 nec
550 1133 637 1176 temen
649 1125 850 1188 demoret,quis
861 1130 907 1175 eut
916 1126 1028 1189 priscum
1040 1124 1118 1172 ritum
1129 1123 1155 1171 iu
1167 1125 1252 1172 nnimo
1261 1123 1361 1191 hebuit,

256 1211 286 1254 ut
296 1205 372 1266 solet,
383 1204 546 1270 Appuleius3
565 1211 610 1253 sut
622 1203 691 1253 eliud
703 1205 728 1251 in
737 1205 877 1268 provinciis
889 1204 947 1266 fuit,
956 1205 998 1254 nbi
1008 1204 1034 1253 id
1044 1209 1160 1268 gestum
1171 1218 1240 1254 more
1249 1205 1360 1258 Graecini

255 1287 377 1337 videlieet
387 1293 501 1346 retento,
514 1285 583 1349 epod
594 1301 658 1350 qnos
668 1283 772 1335 feminee
782 1287 809 1335 iu
822 1287 894 1336 lnotu
906 1287 998 1350 nigre.

288 1367 364 1417 Ano.
383 1367 436 1415 Pro
450 1371 524 1414 veste
536 1365 610 1429 nigre
620 1365 736 1414 tibullus
751 1366 822 1414 olere
843 1373 893 1428 est,
910 1367 977 1416 libro
988 1380 1032 1416 ιιι.
1048 1366 1133 1415 ‘Pers
1153 1381 1211 1431 quse
1232 1369 1287 1418 solu
1306 1370 1360 1420 mei

254 1446 390 1510 superabit
406 1445 533 1508 eorporis,
550 1460 609 1494 osse
627 1445 747 1494 luciuetn
764 1446 839 1508 nlgrn
858 1447 968 1495 eandida
988 1453 1060 1497 veste
1082 1447 1185 1510 legunt!
1218 1447 1256 1498 At
1272 1449 1361 1500 Liuius

254 1519 426 1590 suspicionem
436 1525 511 1586 tecit,
522 1526 586 1574 nibil
601 1526 628 1574 in
638 1533 713 1574 reste
723 1532 867 1575 mutatum:
884 1525 930 1575 sed
941 1526 1078 1576 dnmtexet
1087 1527 1113 1576 in
1123 1527 1243 1578 muliebri
1254 1528 1360 1579 mundo.

255 1607 353 1657 vulerii
371 1613 444 1656 certe
463 1606 572 1656 Tribuni
589 1606 616 1654 lu
634 1606 720 1671 legem
739 1606 854 1670 Oppium
866 1607 945 1657 serbe
957 1608 1025 1672 spud
1046 1622 1104 1656 eum
1126 1614 1195 1672 sunt,
1217 1610 1235 1659 l.
1258 1623 1360 1662 xxxiv,

254 1687 406 1736 ‘Mulieres
425 1687 487 1752 qnid
508 1687 579 1736 eliud
597 1688 624 1735 in
646 1687 726 1749 luctu,
736 1700 812 1752 quesn
835 1701 976 1751 purpuram
998 1693 1076 1751 etque
1099 1701 1186 1738 numm
1208 1688 1358 1752 deponunt?

255 1767 387 1830 quidcem
398 1767 547 1828 eluxerunt,
558 1773 661 1816 sumunt
669 1767 686 1814 i'
718 1767 785 1815 Nem
797 1765 867 1831 quod
878 1767 971 1816 Festus
991 1765 1102 1815 tradidit
1119 1767 1237 1830 lugentes
1249 1767 1274 1816 iu
1285 1768 1359 1830 pelli·

254 1847 303 1897 bus
319 1846 407 1911 fnisse,
418 1846 584 1909 αἰνιγματῦδες
600 1853 650 1896 est.
683 1847 823 1909 ‘Peuenf
847 1847 939 1910 iuquit,
956 1845 1073 1895 ‘babere
1095 1846 1223 1896 Hercules
1241 1847 1357 1912 tingitur,

254 1935 285 1978 nt
302 1929 419 1978 homines
438 1928 523 1978 cultus
544 1929 644 1992 antiqui
665 1928 862 1977 somonesnrnr.
896 1928 1026 1989 Lugentes
1043 1940 1146 1990 quoque
1163 1925 1255 1976 diebus
1273 1928 1359 1978 luctus

254 2008 281 2057 in
302 2009 413 2072 pellibus
435 2009 513 2059 sunt!
556 2009 630 2058 Nibil
652 2008 705 2057 tnle
728 2007 839 2071 reperio,
861 2007 910 2055 nini
939 2005 1070 2056 consentis
1092 2005 1163 2066 mihi,
1174 2021 1266 2069 magne
1287 2007 1358 2056 Festi

253 2090 395 2153 interpres,
414 2090 465 2157 (te,
476 2091 602 2154 Scaliger,
611 2087 730 2154 appello)
739 2097 769 2138 ut
780 2088 908 2152 sceipinm
926 2088 959 2136 de
970 2087 1051 2136 laneis
1063 2085 1148 2136 vittis:
1167 2099 1230 2150 ques
1241 2087 1359 2137 mulieres

254 2169 281 2219 iu
299 2171 372 2220 luctu
389 2171 529 2234 snmpsiese
551 2185 567 2218 e
586 2169 664 2219 seriis
675 2169 833 2232 seriptornm
845 2169 910 2217 loeis
921 2174 1030 2218 eertum.
1063 2166 1105 2216 An
1118 2167 1166 2215 boe
1185 2167 1266 2216 maris
1278 2168 1361 2218 insiti-

253 2250 319 2298 tlnm
337 2250 409 2298 istud
429 2250 557 2299 emblema
567 2264 584 2299 a
595 2250 688 2299 Paullo
704 2249 779 2300 esse?
795 2249 840 2314 qui
860 2247 1009 2312 respexerit
1028 2246 1130 2296 seilicet
1147 2246 1179 2296 ed
1191 2247 1358 2298 Bubeuenm

253 2343 351 2379 morem
368 2330 408 2380 sni
429 2330 495 2379 aevi:
511 2345 563 2394 qino
577 2332 726 2381 etiamnunc
745 2331 815 2396 epnd
837 2345 884 2381 nos
907 2335 1051 2394 receptum,
1071 2328 1152 2392 pelles
1164 2327 1287 2378 extremis
1306 2329 1358 2378 oris

254 2410 364 2460 restium
375 2410 442 2461 ussui
453 2411 572 2462 intuetu.
603 2411 642 2461 'lu
652 2425 698 2461 nos
709 2411 784 2461 done.

786 2539 823 2589 N.

285 2653 352 2703 Gne.
363 2655 406 2702 ut.
438 2651 566 2717 ΡΙίιιίιιι,ι
578 2651 665 2703 Sentis
675 2651 795 2718 qnulibus
812 2653 845 2704 ed
856 2651 960 2716 'trojum
974 2655 1113 2715 pugnatum
1126 2655 1177 2712 est,
1189 2648 1358 2700 continebun-

253 2740 297 2783 tnr
313 2733 453 2797 imaginent
469 2733 538 2782 unde
555 2738 583 2784 et
598 2747 691 2783 nomen
708 2732 824 2784 bsbuere
843 2733 1005 2796 elypeomm,
1017 2745 1068 2781 non
1089 2737 1119 2780 nt
1137 2745 1258 2795 peruerse
1268 2731 1363 2781 Grem-

252 2813 404 2863 mulleorum
424 2813 556 2863 subtiliter
575 2814 659 2864 voluit
678 2828 694 2864 e
714 2813 851 2865 eluendo!
893 2813 973 2863 Sento
998 2820 1085 2864 entem
1114 2813 1184 2877 npud
1204 2812 1357 2871 Homerum,

252 2893 337 2944 forme
356 2891 434 2942 orbis.
468 2892 555 2942 Livius
576 2894 594 2944 l.
615 2906 684 2943 m.
701 2895 728 2943 in
739 2902 830 2944 cetere
849 2894 940 2959 praede
951 2893 1123 2943 Hasdrubalis
1135 2892 1256 2957 elypeum
1267 2905 1364 2954 ergeu-¹

252 2979 323 3023 teum
342 2979 477 3035 repertum
496 2973 543 3037 sit,
563 2987 622 3023 cnm
640 2973 753 3038 imagine
767 2974 858 3038 ipsius.
890 2974 1029 3023 Suetonius
1040 2973 1207 3024 Domitiano:
1226 2972 1357 3022 ‘Senatus

252 3053 318 3103 ntleo
329 3052 433 3103 lietstns
444 3061 494 3117 est,
504 3059 535 3103 ut
554 3053 659 3116 replete
667 3054 788 3105 certatim
799 3055 880 3118 euris,
891 3055 974 3105 seslse
991 3053 1069 3103 etism
1082 3052 1185 3116 inferri,
1194 3053 1356 3117 clypeosque

251 3139 280 3183 et
296 3133 420 3199 lmsgines
430 3135 485 3199 ejus
501 3147 588 3184 eorem
599 3133 712 3199 detrahi,
721 3142 750 3186 et
768 3135 865 3185 ibidem
881 3136 935 3184 solo
947 3131 1027 3196 affligi
1035 3132 1160 3196 juberet!
1193 3131 1357 3197 Capitolinos

251 3214 278 3262 io
290 3213 435 3264 Antonino:
453 3216 575 3267 ‘Ceteris
593 3215 730 3266 bonoribus
749 3215 881 3278 refutetis,
897 3216 1018 3279 clypeum
1039 3213 1174 3264 Hndrinuo
1194 3209 1357 3276 magnificen-

251 3294 376 3344 tissimum
388 3295 485 3358 posuit,
504 3280 657 3344 'secerdotes
674 3295 805 3344 instituit!
836 3295 979 3344 Trebellius
992 3293 1017 3342 ln
1030 3292 1154 3342 Claudio:
1172 3290 1236 3340 ‘Illi
1248 3293 1356 3356 clypeus

237 3386 354 3436 ,eureus,
362 3375 415 3439 vel,
423 3379 453 3422 nt
460 3371 628 3423 Grmmstiei
636 3373 786 3438 bqnnntur,
794 3372 914 3436 clupeum
924 3385 1039 3432 aureum,
1048 3371 1158 3419 Seuetns
1167 3369 1247 3419 totius
1254 3371 1358 3434 jndicio

250 3455 277 3503 in
296 3453 368 3503 eurio
383 3452 537 3502 collocutum
560 3460 610 3514 est,
628 3460 659 3503 ut
679 3454 759 3504 etiem
779 3467 848 3502 nune
868 3449 988 3501 videtur)
1021 3449 1099 3502 Quod
1118 3449 1357 3501 sitGremmetieos

249 3534 338 3597 melle,
358 3534 496 3597 clupeum:
521 3547 612 3584 uerum
634 3541 684 3599 est,
703 3541 731 3585 et
756 3541 821 3600 puto
842 3534 868 3583 in
890 3532 976 3594 Capro
995 3529 1099 3594 legisse,
1119 3525 1242 3595 Glipeesu,
1263 3533 1356 3594 imago:

252 3615 358 3678 clipeus,
373 3612 451 3664 bnis.
483 3613 576 3664 Sedet
593 3615 680 3665 livius
689 3613 875 3666 Grammaticis
891 3609 1146 3674 pernit,l.ux.‘1lb
1166 3610 1205 3660 bis
1221 3611 1365 3674 columnis,¹

250 3708 308 3760 qun
323 3694 487 3745 lneonnmode
508 3694 591 3758 posite
608 3695 765 3744 videbantur
784 3693 858 3756 signe
880 3690 993 3740 emerit:
1019 3690 1162 3754 elypeeqne
1179 3691 1212 3741 de
1231 3691 1355 3742 columnis

250 3783 279 3824 et
289 3775 363 3840 signs
373 3775 496 3826 militene
506 3774 582 3826 sfllxe
593 3774 724 3839 dempsit?
757 3773 789 3822 ln
800 3779 966 3822 monumento
976 3771 1078 3836 priseo:
1095 3772 1103 3798 ⁴
1114 3770 1182 3821 bulo.
1194 3771 1356 3823 decuriones.

249 3854 334 3906 funus.
342 3855 483 3920 publicum.
495 3862 615 3906 stetusm.
623 3859 779 3920 equestrem.
788 3852 916 3917 elypeum.
925 3859 1086 3917 argenteum.
1096 3853 1192 3902 locum.
1204 3851 1354 3915 sepulture.

249 3935 439 3986 decreverunt!
470 3937 530 3987 Nee
539 3943 625 3986 temen
636 3949 739 3999 semper
749 3934 776 3982 bi
796 3933 882 3998 clypei
900 3949 958 3983 oum
971 3932 1071 3996 effigie:
1090 3947 1159 3996 sepe
1174 3935 1230 3983 siue
1242 3946 1282 3992 en,
1294 3943 1354 3981 oum

249 4015 320 4065 nudo
338 4016 440 4066 nomine
459 4018 591 4080 ponentis,
610 4024 638 4068 et
655 4017 698 4066 eni
710 4014 889 4080 ponebentnr:
908 4014 962 4064 sive
974 4015 1052 4064 etism
1062 4026 1121 4063 enm
1132 4011 1244 4077 ponendi
1255 4025 1355 4062 neusse·

249 4095 325 4145 Philo
336 4095 444 4147 ludens
464 4098 579 4163 egregie,
596 4097 637 4147 lie
657 4099 738 4161 leget.
759 4096 792 4146 ed
812 4095 920 4145 Culum:
938 4091 1042 4144 neutros
1060 4091 1090 4152 sir
1109 4095 1157 4142 sur
1176 4089 1286 4155 ὑπάρχων
1303 4083 1355 4140 tit.

248 4193 335 4238 τροποι
360 4176 551 4240 mentm
574 4181 618 4237 esis
640 4177 759 4228 Ἰουδαίας.
791 4173 868 4226 oinos
886 4175 928 4224 oie
948 4175 986 4224 tel
1006 4172 1112 4238 τιβιρὼυ
1131 4175 1234 4234 μᾶλλον,
1252 4172 1268 4231 l
1284 4169 1353 4222 ineu

249 4258 294 4307 τοῦ
310 4257 415 4319 λυπῆσαι
432 4257 463 4309 τὸ
480 4261 579 4323 πλῆθος,
590 4258 726 4318 διατίθησιν
741 4259 828 4310 brois
838 4255 900 4310 md
910 4257 954 4318 obv
970 4255 1087 4321 burun
1101 4253 1203 4319 Ἠρόδῦν
1222 4251 1353 4311 mm
