<?xml version="1.0" encoding="UTF-8"?>
<!DOCTYPE html PUBLIC "-//W3C//DTD XHTML 1.0 Transitional//EN"
    "http://www.w3.org/TR/xhtml1/DTD/xhtml1-transitional.dtd">
<html xmlns="http://www.w3.org/1999/xhtml" xml:lang="en" lang="en">
 <head>
  <title>
</title>
<meta http-equiv="Content-Type" content="text/html;charset=utf-8" />
  <meta name='ocr-system' content='tesseract 3.04.00' />
  <meta name='ocr-capabilities' content='ocr_page ocr_carea ocr_par ocr_line ocrx_word'/>
</head>
<body>
  <div class='ocr_page' id='page_1' title='image "./operaomnia04tacigoog_0058.png"; bbox 0 0 3200 4917; ppageno 0'>
   <div class='ocr_carea' id='block_1_1' title="bbox 315 386 1068 458">
    <p class='ocr_par' dir='ltr' id='par_1_1' title="bbox 315 386 1068 458">
     <span class='ocr_line' id='line_1_1' title="bbox 315 386 1068 458; baseline 0 -1"><span class='ocrx_word' id='word_1_1' title='bbox 315 386 403 457; x_wconf 75' lang='lat' dir='ltr'><strong>stou</strong></span> <span class='ocrx_word' id='word_1_2' title='bbox 666 404 775 457; x_wconf 74' lang='lat' dir='ltr'><strong>nous</strong></span> <span class='ocrx_word' id='word_1_3' title='bbox 798 405 1001 458; x_wconf 82' lang='lat' dir='ltr'><strong>vsnrunusr</strong></span> <span class='ocrx_word' id='word_1_4' title='bbox 1025 405 1068 457; x_wconf 80' lang='lat' dir='ltr'><strong>tn</strong></span> 
     </span>
    </p>
   </div>
   <div class='ocr_carea' id='block_1_2' title="bbox 312 534 1417 3183">
    <p class='ocr_par' dir='ltr' id='par_1_2' title="bbox 312 534 1417 3029">
     <span class='ocr_line' id='line_1_2' title="bbox 315 534 1417 611; baseline 0.006 -15"><span class='ocrx_word' id='word_1_5' title='bbox 315 544 387 598; x_wconf 77' lang='lat' dir='ltr'><strong>dalt&#39;</strong></span> <span class='ocrx_word' id='word_1_6' title='bbox 404 552 432 597; x_wconf 87' lang='lat' dir='ltr'><strong>cl</strong></span> <span class='ocrx_word' id='word_1_7' title='bbox 443 538 549 597; x_wconf 69' lang='lat' dir='ltr'><strong>lantum</strong></span> <span class='ocrx_word' id='word_1_8' title='bbox 565 550 595 596; x_wconf 80' lang='lat' dir='ltr'><strong>&#39;el</strong></span> <span class='ocrx_word' id='word_1_9' title='bbox 610 548 698 597; x_wconf 76' lang='lat' dir='ltr'><strong>ceilam</strong></span> <span class='ocrx_word' id='word_1_10' title='bbox 708 546 786 597; x_wconf 88' lang='lat' dir='ltr'><strong>etiam</strong></span> <span class='ocrx_word' id='word_1_11' title='bbox 797 548 848 596; x_wconf 81' lang='lat' dir='ltr'><strong>Ts-</strong></span> <span class='ocrx_word' id='word_1_12' title='bbox 883 549 1071 611; x_wconf 59' lang='lat' dir='ltr'><strong>tutelenses&amp;</strong></span> <span class='ocrx_word' id='word_1_13' title='bbox 1079 546 1147 609; x_wconf 68' lang='grc' dir='ltr'><strong>ξένην</strong></span> <span class='ocrx_word' id='word_1_14' title='bbox 1155 534 1340 607; x_wconf 65' lang='lat' dir='ltr'><strong>ririrdssrrror.</strong></span> <span class='ocrx_word' id='word_1_15' title='bbox 1351 543 1417 602; x_wconf 70' lang='lat' dir='ltr'><strong>&#39;Gu-</strong></span> 
     </span>
     <span class='ocr_line' id='line_1_3' title="bbox 314 621 1414 688; baseline 0.004 -15"><span class='ocrx_word' id='word_1_16' title='bbox 314 624 383 673; x_wconf 87' lang='lat' dir='ltr'><strong>citus</strong></span> <span class='ocrx_word' id='word_1_17' title='bbox 405 625 540 687; x_wconf 83' lang='lat' dir='ltr'><strong>conjungit</strong></span> <span class='ocrx_word' id='word_1_18' title='bbox 560 621 697 673; x_wconf 84' lang='lat' dir='ltr'><strong>Annalium</strong></span> <span class='ocrx_word' id='word_1_19' title='bbox 714 637 734 673; x_wconf 85' lang='grc' dir='ltr'><strong>ι.</strong></span> <span class='ocrx_word' id='word_1_20' title='bbox 756 625 847 688; x_wconf 79' lang='lat' dir='ltr'><strong>‘qnae-</strong></span> <span class='ocrx_word' id='word_1_21' title='bbox 884 625 973 685; x_wconf 64' lang='lat' dir='ltr'><strong>moral</strong></span> <span class='ocrx_word' id='word_1_22' title='bbox 983 624 1031 688; x_wconf 67' lang='grc' dir='ltr'><strong>γὰρ</strong></span> <span class='ocrx_word' id='word_1_23' title='bbox 1041 623 1206 674; x_wconf 60' lang='lat' dir='ltr'><strong>revisis-rw</strong></span> <span class='ocrx_word' id='word_1_24' title='bbox 1216 624 1283 675; x_wconf 71' lang='lat' dir='ltr'><strong>sinis.</strong></span> <span class='ocrx_word' id='word_1_25' title='bbox 1298 625 1414 678; x_wconf 75' lang='lat' dir='ltr'><strong>Scieiiss.</strong></span> 
     </span>
     <span class='ocr_line' id='line_1_4' title="bbox 314 700 1415 766; baseline 0.003 -17"><span class='ocrx_word' id='word_1_26' title='bbox 314 700 419 749; x_wconf 81' lang='lat' dir='ltr'><strong>demde</strong></span> <span class='ocrx_word' id='word_1_27' title='bbox 431 702 521 751; x_wconf 89' lang='lat' dir='ltr'><strong>babitu</strong></span> <span class='ocrx_word' id='word_1_28' title='bbox 540 702 662 765; x_wconf 81' lang='lat' dir='ltr'><strong>cultuque</strong></span> <span class='ocrx_word' id='word_1_29' title='bbox 682 707 710 749; x_wconf 89' lang='lat' dir='ltr'><strong>et</strong></span> <span class='ocrx_word' id='word_1_30' title='bbox 721 701 846 751; x_wconf 88' lang='lat' dir='ltr'><strong>institutis</strong></span> <span class='ocrx_word' id='word_1_31' title='bbox 917 702 952 750; x_wconf 70' lang='lat' dir='ltr'><strong>fr</strong></span> <span class='ocrx_word' id='word_1_32' title='bbox 959 700 1276 765; x_wconf 71' lang='lat' dir='ltr'><strong>mgnismtiseloqacstioe]</strong></span> <span class='ocrx_word' id='word_1_33' title='bbox 1283 703 1415 766; x_wconf 84' lang='lat' dir='ltr'><strong>Fortasse,</strong></span> 
     </span>
     <span class='ocr_line' id='line_1_5' title="bbox 315 774 1415 839; baseline 0.004 -16"><span class='ocrx_word' id='word_1_34' title='bbox 315 774 372 838; x_wconf 71' lang='lat' dir='ltr'><strong>ejus</strong></span> <span class='ocrx_word' id='word_1_35' title='bbox 388 776 515 839; x_wconf 77' lang='lat' dir='ltr'><strong>Jeceratr&#39;</strong></span> <span class='ocrx_word' id='word_1_36' title='bbox 532 782 561 826; x_wconf 85' lang='lat' dir='ltr'><strong>et</strong></span> <span class='ocrx_word' id='word_1_37' title='bbox 579 790 610 826; x_wconf 92' lang='lat' dir='ltr'><strong>rt.</strong></span> <span class='ocrx_word' id='word_1_38' title='bbox 626 777 723 827; x_wconf 86' lang='lat' dir='ltr'><strong>‘Cultu</strong></span> <span class='ocrx_word' id='word_1_39' title='bbox 743 775 847 825; x_wconf 86' lang='lat' dir='ltr'><strong>babitu·</strong></span> <span class='ocrx_word' id='word_1_40' title='bbox 885 781 909 825; x_wconf 82' lang='lat' dir='ltr'><strong>rt</strong></span> <span class='ocrx_word' id='word_1_41' title='bbox 924 776 1068 839; x_wconf 70' lang='lat' dir='ltr'><strong>mgissatiq</strong></span> <span class='ocrx_word' id='word_1_42' title='bbox 1086 778 1124 827; x_wconf 94' lang='lat' dir='ltr'><strong>uti</strong></span> <span class='ocrx_word' id='word_1_43' title='bbox 1144 778 1176 827; x_wconf 86' lang='lat' dir='ltr'><strong>ad</strong></span> <span class='ocrx_word' id='word_1_44' title='bbox 1196 777 1357 827; x_wconf 88' lang='lat' dir='ltr'><strong>commodum</strong></span> <span class='ocrx_word' id='word_1_45' title='bbox 1376 780 1415 827; x_wconf 91' lang='lat' dir='ltr'><strong>lu·</strong></span> 
     </span>
     <span class='ocr_line' id='line_1_6' title="bbox 316 849 1414 915; baseline 0.004 -16"><span class='ocrx_word' id='word_1_46' title='bbox 316 862 367 915; x_wconf 73' lang='lat' dir='ltr'><strong>qne</strong></span> <span class='ocrx_word' id='word_1_47' title='bbox 382 849 443 913; x_wconf 85' lang='lat' dir='ltr'><strong>ejus</strong></span> <span class='ocrx_word' id='word_1_48' title='bbox 464 850 565 899; x_wconf 90' lang='lat' dir='ltr'><strong>lenibus</strong></span> <span class='ocrx_word' id='word_1_49' title='bbox 583 850 668 901; x_wconf 82' lang='lat' dir='ltr'><strong>serbis</strong></span> <span class='ocrx_word' id='word_1_50' title='bbox 686 849 846 914; x_wconf 86' lang='lat' dir='ltr'><strong>perstricto.’</strong></span> <span class='ocrx_word' id='word_1_51' title='bbox 884 866 988 902; x_wconf 84' lang='lat' dir='ltr'><strong>crurnve</strong></span> <span class='ocrx_word' id='word_1_52' title='bbox 1006 853 1063 904; x_wconf 79' lang='lat' dir='ltr'><strong>baec</strong></span> <span class='ocrx_word' id='word_1_53' title='bbox 1085 861 1185 903; x_wconf 85' lang='lat' dir='ltr'><strong>tantum</strong></span> <span class='ocrx_word' id='word_1_54' title='bbox 1207 853 1313 903; x_wconf 81' lang='lat' dir='ltr'><strong>referat.</strong></span> <span class='ocrx_word' id='word_1_55' title='bbox 1345 855 1414 904; x_wconf 88' lang='lat' dir='ltr'><strong>Nam</strong></span> 
     </span>
     <span class='ocr_line' id='line_1_7' title="bbox 315 922 1415 993; baseline 0.002 -18"><span class='ocrx_word' id='word_1_56' title='bbox 315 922 352 975; x_wconf 81' lang='lat' dir='ltr'><strong>Et</strong></span> <span class='ocrx_word' id='word_1_57' title='bbox 362 926 475 975; x_wconf 87' lang='lat' dir='ltr'><strong>Statius:</strong></span> <span class='ocrx_word' id='word_1_58' title='bbox 486 928 493 953; x_wconf 80' lang='lat'><strong>¹</strong></span> <span class='ocrx_word' id='word_1_59' title='bbox 506 925 570 975; x_wconf 81' lang='lat' dir='ltr'><strong>Coeli</strong></span> <span class='ocrx_word' id='word_1_60' title='bbox 582 925 740 989; x_wconf 78' lang='lat' dir='ltr'><strong>praediscere</strong></span> <span class='ocrx_word' id='word_1_61' title='bbox 749 940 846 975; x_wconf 83' lang='lat' dir='ltr'><strong>morem</strong></span> <span class='ocrx_word' id='word_1_62' title='bbox 882 928 1026 990; x_wconf 70' lang='lat' dir='ltr'><strong>unguium</strong></span> <span class='ocrx_word' id='word_1_63' title='bbox 1045 924 1155 992; x_wconf 86' lang='lat' dir='ltr'><strong>probum</strong></span> <span class='ocrx_word' id='word_1_64' title='bbox 1178 930 1280 993; x_wconf 86' lang='lat' dir='ltr'><strong>quidem</strong></span> <span class='ocrx_word' id='word_1_65' title='bbox 1298 929 1415 991; x_wconf 86' lang='lat' dir='ltr'><strong>verbnm,</strong></span> 
     </span>
     <span class='ocr_line' id='line_1_8' title="bbox 315 991 1417 1069; baseline 0.003 -19"><span class='ocrx_word' id='word_1_66' title='bbox 315 991 385 1051; x_wconf 81' lang='lat' dir='ltr'><strong>Cura</strong></span> <span class='ocrx_word' id='word_1_67' title='bbox 396 1002 439 1064; x_wconf 91' lang='lat' dir='ltr'><strong>sit,</strong></span> <span class='ocrx_word' id='word_1_68' title='bbox 451 1009 479 1050; x_wconf 90' lang='lat' dir='ltr'><strong>et</strong></span> <span class='ocrx_word' id='word_1_69' title='bbox 490 1002 588 1065; x_wconf 83' lang='lat' dir='ltr'><strong>patrios</strong></span> <span class='ocrx_word' id='word_1_70' title='bbox 596 1002 679 1051; x_wconf 87' lang='lat' dir='ltr'><strong>cultus</strong></span> <span class='ocrx_word' id='word_1_71' title='bbox 691 1000 846 1065; x_wconf 83' lang='lat' dir='ltr'><strong>habitusque</strong></span> <span class='ocrx_word' id='word_1_72' title='bbox 884 1002 930 1051; x_wconf 88' lang='lat' dir='ltr'><strong>sed</strong></span> <span class='ocrx_word' id='word_1_73' title='bbox 944 1017 996 1051; x_wconf 88' lang='lat' dir='ltr'><strong>non</strong></span> <span class='ocrx_word' id='word_1_74' title='bbox 1009 1003 1079 1053; x_wconf 85' lang='lat' dir='ltr'><strong>aliurl</strong></span> <span class='ocrx_word' id='word_1_75' title='bbox 1088 1018 1164 1069; x_wconf 89' lang='lat' dir='ltr'><strong>qnam</strong></span> <span class='ocrx_word' id='word_1_76' title='bbox 1180 1006 1331 1068; x_wconf 79' lang='lat' dir='ltr'><strong>sangninem</strong></span> <span class='ocrx_word' id='word_1_77' title='bbox 1342 1004 1417 1053; x_wconf 90' lang='lat' dir='ltr'><strong>emit-</strong></span> 
     </span>
     <span class='ocr_line' id='line_1_9' title="bbox 313 1076 1416 1142; baseline 0.002 -16"><span class='ocrx_word' id='word_1_78' title='bbox 313 1078 447 1128; x_wconf 70' lang='lat' dir='ltr'><strong>locorum!</strong></span> <span class='ocrx_word' id='word_1_79' title='bbox 480 1077 672 1127; x_wconf 87' lang='lat' dir='ltr'><strong>Meritoatstenr</strong></span> <span class='ocrx_word' id='word_1_80' title='bbox 685 1077 761 1139; x_wconf 82' lang='lat' dir='ltr'><strong>dixit,</strong></span> <span class='ocrx_word' id='word_1_81' title='bbox 779 1076 846 1127; x_wconf 53' lang='lat' dir='ltr'><strong>&amp;cf</strong></span> <span class='ocrx_word' id='word_1_82' title='bbox 884 1082 949 1125; x_wconf 87' lang='lat' dir='ltr'><strong>tere.</strong></span> <span class='ocrx_word' id='word_1_83' title='bbox 981 1078 1349 1142; x_wconf 68' lang='lat' dir='ltr'><strong>Artsssusgainnsteqosirreru</strong></span> <span class='ocrx_word' id='word_1_84' title='bbox 1362 1092 1416 1128; x_wconf 83' lang='lat' dir='ltr'><strong>sna·</strong></span> 
     </span>
     <span class='ocr_line' id='line_1_10' title="bbox 313 1152 1415 1217; baseline 0 -15"><span class='ocrx_word' id='word_1_85' title='bbox 313 1152 330 1182; x_wconf 72' lang='lat' dir='ltr'><strong>&#39;l</strong></span> <span class='ocrx_word' id='word_1_86' title='bbox 340 1152 463 1203; x_wconf 85' lang='lat' dir='ltr'><strong>Bartlslus</strong></span> <span class='ocrx_word' id='word_1_87' title='bbox 472 1152 579 1217; x_wconf 79' lang='lat' dir='ltr'><strong>legit,ss</strong></span> <span class='ocrx_word' id='word_1_88' title='bbox 587 1158 658 1216; x_wconf 77' lang='lat' dir='ltr'><strong>pelet</strong></span> <span class='ocrx_word' id='word_1_89' title='bbox 668 1152 780 1202; x_wconf 73' lang='lat' dir='ltr'><strong>emeriti.</strong></span> <span class='ocrx_word' id='word_1_90' title='bbox 798 1154 846 1201; x_wconf 86' lang='lat' dir='ltr'><strong>Est</strong></span> <span class='ocrx_word' id='word_1_91' title='bbox 883 1152 1019 1214; x_wconf 56' lang='lat' dir='ltr'><strong>meantis,</strong></span> <span class='ocrx_word' id='word_1_92' title='bbox 1038 1153 1066 1201; x_wconf 86' lang='lat' dir='ltr'><strong>iu</strong></span> <span class='ocrx_word' id='word_1_93' title='bbox 1086 1152 1238 1205; x_wconf 74' lang='lat' dir='ltr'><strong>Quintiliani</strong></span> <span class='ocrx_word' id='word_1_94' title='bbox 1249 1152 1415 1204; x_wconf 85' lang='lat' dir='ltr'><strong>declamatio·</strong></span> 
     </span>
     <span class='ocr_line' id='line_1_11' title="bbox 313 1225 1414 1294; baseline 0.003 -17"><span class='ocrx_word' id='word_1_95' title='bbox 313 1228 418 1294; x_wconf 85' lang='lat' dir='ltr'><strong>quidem</strong></span> <span class='ocrx_word' id='word_1_96' title='bbox 439 1229 465 1277; x_wconf 92' lang='lat' dir='ltr'><strong>in</strong></span> <span class='ocrx_word' id='word_1_97' title='bbox 486 1243 517 1277; x_wconf 88' lang='lat' dir='ltr'><strong>eo</strong></span> <span class='ocrx_word' id='word_1_98' title='bbox 536 1240 651 1277; x_wconf 83' lang='lat' dir='ltr'><strong>acumen.</strong></span> <span class='ocrx_word' id='word_1_99' title='bbox 678 1228 778 1277; x_wconf 75' lang='lat' dir='ltr'><strong>Plinius</strong></span> <span class='ocrx_word' id='word_1_100' title='bbox 795 1225 846 1278; x_wconf 80' lang='lat' dir='ltr'><strong>Ts-</strong></span> <span class='ocrx_word' id='word_1_101' title='bbox 884 1227 959 1277; x_wconf 86' lang='lat' dir='ltr'><strong>nibus</strong></span> <span class='ocrx_word' id='word_1_102' title='bbox 976 1230 1039 1278; x_wconf 90' lang='lat' dir='ltr'><strong>mibi</strong></span> <span class='ocrx_word' id='word_1_103' title='bbox 1055 1231 1131 1281; x_wconf 88' lang='lat' dir='ltr'><strong>lecta.</strong></span> <span class='ocrx_word' id='word_1_104' title='bbox 1174 1229 1240 1281; x_wconf 73' lang='lat' dir='ltr'><strong>Quae</strong></span> <span class='ocrx_word' id='word_1_105' title='bbox 1257 1228 1414 1293; x_wconf 80' lang='lat' dir='ltr'><strong>significatio</strong></span> 
     </span>
     <span class='ocr_line' id='line_1_12' title="bbox 312 1303 1414 1369; baseline 0 -14"><span class='ocrx_word' id='word_1_106' title='bbox 312 1306 382 1355; x_wconf 86' lang='lat' dir='ltr'><strong>cite:</strong></span> <span class='ocrx_word' id='word_1_107' title='bbox 398 1305 408 1333; x_wconf 75' lang='lat'><em>⁴</em></span> <span class='ocrx_word' id='word_1_108' title='bbox 421 1304 591 1353; x_wconf 85' lang='lat' dir='ltr'><strong>Commendas</strong></span> <span class='ocrx_word' id='word_1_109' title='bbox 609 1304 670 1352; x_wconf 89' lang='lat' dir='ltr'><strong>mibi</strong></span> <span class='ocrx_word' id='word_1_110' title='bbox 680 1303 776 1355; x_wconf 81' lang='lat' dir='ltr'><strong>lulium</strong></span> <span class='ocrx_word' id='word_1_111' title='bbox 795 1304 846 1352; x_wconf 85' lang='lat' dir='ltr'><strong>Na·</strong></span> <span class='ocrx_word' id='word_1_112' title='bbox 885 1305 1028 1366; x_wconf 83' lang='lat' dir='ltr'><strong>perambio</strong></span> <span class='ocrx_word' id='word_1_113' title='bbox 1040 1309 1110 1369; x_wconf 82' lang='lat' dir='ltr'><strong>apta,</strong></span> <span class='ocrx_word' id='word_1_114' title='bbox 1121 1306 1144 1354; x_wconf 92' lang='lat' dir='ltr'><strong>si</strong></span> <span class='ocrx_word' id='word_1_115' title='bbox 1154 1305 1187 1355; x_wconf 88' lang='lat' dir='ltr'><strong>sd</strong></span> <span class='ocrx_word' id='word_1_116' title='bbox 1199 1306 1376 1355; x_wconf 72' lang='lat' dir='ltr'><strong>accusationes</strong></span> <span class='ocrx_word' id='word_1_117' title='bbox 1385 1310 1414 1355; x_wconf 85' lang='lat' dir='ltr'><strong>et</strong></span> 
     </span>
     <span class='ocr_line' id='line_1_13' title="bbox 313 1380 1415 1446; baseline -0.001 -14"><span class='ocrx_word' id='word_1_118' title='bbox 313 1396 402 1433; x_wconf 81' lang='lat' dir='ltr'><strong>sonem</strong></span> <span class='ocrx_word' id='word_1_119' title='bbox 417 1380 592 1431; x_wconf 85' lang='lat' dir='ltr'><strong>candidatum.</strong></span> <span class='ocrx_word' id='word_1_120' title='bbox 625 1381 756 1431; x_wconf 76' lang='lat' dir='ltr'><strong>Nasonem</strong></span> <span class='ocrx_word' id='word_1_121' title='bbox 769 1380 845 1429; x_wconf 83' lang='lat' dir='ltr'><strong>mibi?</strong></span> <span class='ocrx_word' id='word_1_122' title='bbox 883 1380 1064 1444; x_wconf 72' lang='lat' dir='ltr'><strong>sanguisugam</strong></span> <span class='ocrx_word' id='word_1_123' title='bbox 1099 1381 1144 1430; x_wconf 87' lang='lat' dir='ltr'><strong>ills</strong></span> <span class='ocrx_word' id='word_1_124' title='bbox 1171 1382 1345 1446; x_wconf 82' lang='lat' dir='ltr'><strong>eloquentiam</strong></span> <span class='ocrx_word' id='word_1_125' title='bbox 1374 1395 1415 1431; x_wconf 86' lang='lat' dir='ltr'><strong>re·</strong></span> 
     </span>
     <span class='ocr_line' id='line_1_14' title="bbox 312 1454 1414 1523; baseline 0 -17"><span class='ocrx_word' id='word_1_126' title='bbox 312 1457 376 1523; x_wconf 88' lang='lat' dir='ltr'><strong>qnid</strong></span> <span class='ocrx_word' id='word_1_127' title='bbox 400 1457 421 1505; x_wconf 91' lang='lat' dir='ltr'><strong>si</strong></span> <span class='ocrx_word' id='word_1_128' title='bbox 443 1470 484 1505; x_wconf 89' lang='lat' dir='ltr'><strong>me</strong></span> <span class='ocrx_word' id='word_1_129' title='bbox 503 1455 605 1519; x_wconf 69' lang='lat' dir='ltr'><strong>ipsum!</strong></span> <span class='ocrx_word' id='word_1_130' title='bbox 639 1456 695 1521; x_wconf 80' lang='lat' dir='ltr'><strong>Ego</strong></span> <span class='ocrx_word' id='word_1_131' title='bbox 714 1456 845 1506; x_wconf 88' lang='lat' dir='ltr'><strong>tamenin</strong></span> <span class='ocrx_word' id='word_1_132' title='bbox 885 1454 980 1517; x_wconf 83' lang='lat' dir='ltr'><strong>spexit.</strong></span> <span class='ocrx_word' id='word_1_133' title='bbox 997 1456 1103 1519; x_wconf 78' lang='lat' dir='ltr'><strong>Lipsiae.</strong></span> <span class='ocrx_word' id='word_1_134' title='bbox 1121 1456 1137 1485; x_wconf 77' lang='lat'>⁸</span> <span class='ocrx_word' id='word_1_135' title='bbox 1152 1456 1264 1506; x_wconf 80' lang='lat' dir='ltr'><strong>inlocum</strong></span> <span class='ocrx_word' id='word_1_136' title='bbox 1284 1458 1414 1522; x_wconf 78' lang='lat' dir='ltr'><strong>telireper·</strong></span> 
     </span>
     <span class='ocr_line' id='line_1_15' title="bbox 313 1530 1413 1596; baseline 0 -14"><span class='ocrx_word' id='word_1_137' title='bbox 313 1532 363 1582; x_wconf 88' lang='lat' dir='ltr'><strong>boc</strong></span> <span class='ocrx_word' id='word_1_138' title='bbox 372 1533 430 1582; x_wconf 90' lang='lat' dir='ltr'><strong>loco</strong></span> <span class='ocrx_word' id='word_1_139' title='bbox 439 1530 625 1581; x_wconf 77' lang='lat' dir='ltr'><strong>correctionem</strong></span> <span class='ocrx_word' id='word_1_140' title='bbox 636 1531 710 1581; x_wconf 87' lang='lat' dir='ltr'><strong>istam</strong></span> <span class='ocrx_word' id='word_1_141' title='bbox 720 1532 846 1595; x_wconf 86' lang='lat' dir='ltr'><strong>recipien-</strong></span> <span class='ocrx_word' id='word_1_142' title='bbox 884 1535 930 1578; x_wconf 84' lang='lat' dir='ltr'><strong>tas.</strong></span> <span class='ocrx_word' id='word_1_143' title='bbox 947 1532 997 1580; x_wconf 87' lang='lat' dir='ltr'><strong>Et:</strong></span> <span class='ocrx_word' id='word_1_144' title='bbox 1014 1544 1084 1593; x_wconf 83' lang='lat' dir='ltr'><strong>qssrs</strong></span> <span class='ocrx_word' id='word_1_145' title='bbox 1100 1544 1140 1579; x_wconf 85' lang='lat' dir='ltr'><strong>reo</strong></span> <span class='ocrx_word' id='word_1_146' title='bbox 1148 1532 1298 1593; x_wconf 74' lang='lat' dir='ltr'><strong>periclitanti</strong></span> <span class='ocrx_word' id='word_1_147' title='bbox 1308 1534 1413 1596; x_wconf 80' lang='lat' dir='ltr'><strong>eloquen-</strong></span> 
     </span>
     <span class='ocr_line' id='line_1_16' title="bbox 313 1606 1413 1671; baseline 0.001 -15"><span class='ocrx_word' id='word_1_148' title='bbox 313 1606 373 1656; x_wconf 84' lang='lat' dir='ltr'><strong>daur</strong></span> <span class='ocrx_word' id='word_1_149' title='bbox 386 1606 429 1655; x_wconf 83' lang='lat' dir='ltr'><strong>six</strong></span> <span class='ocrx_word' id='word_1_150' title='bbox 439 1607 566 1656; x_wconf 80' lang='lat' dir='ltr'><strong>arbitror:</strong></span> <span class='ocrx_word' id='word_1_151' title='bbox 585 1608 747 1671; x_wconf 84' lang='lat' dir='ltr'><strong>quantumvis</strong></span> <span class='ocrx_word' id='word_1_152' title='bbox 758 1607 845 1670; x_wconf 88' lang='lat' dir='ltr'><strong>specie</strong></span> <span class='ocrx_word' id='word_1_153' title='bbox 884 1607 921 1656; x_wconf 85' lang='lat' dir='ltr'><strong>tic</strong></span> <span class='ocrx_word' id='word_1_154' title='bbox 940 1608 1079 1671; x_wconf 72' lang='lat' dir='ltr'><strong>procidisse</strong></span> <span class='ocrx_word' id='word_1_155' title='bbox 1100 1607 1180 1668; x_wconf 70' lang='lat' dir='ltr'><strong>unet,</strong></span> <span class='ocrx_word' id='word_1_156' title='bbox 1198 1612 1222 1657; x_wconf 82' lang='lat' dir='ltr'><strong>st</strong></span> <span class='ocrx_word' id='word_1_157' title='bbox 1245 1609 1325 1657; x_wconf 81' lang='lat' dir='ltr'><strong>telam.</strong></span> <span class='ocrx_word' id='word_1_158' title='bbox 1359 1609 1413 1663; x_wconf 88' lang='lat' dir='ltr'><strong>Cnr</strong></span> 
     </span>
     <span class='ocr_line' id='line_1_17' title="bbox 312 1679 1412 1745; baseline 0 -14"><span class='ocrx_word' id='word_1_159' title='bbox 312 1682 408 1745; x_wconf 75' lang='lat' dir='ltr'><strong>ingenii</strong></span> <span class='ocrx_word' id='word_1_160' title='bbox 436 1681 548 1731; x_wconf 87' lang='lat' dir='ltr'><strong>blandiri</strong></span> <span class='ocrx_word' id='word_1_161' title='bbox 567 1682 695 1732; x_wconf 85' lang='lat' dir='ltr'><strong>videatur.</strong></span> <span class='ocrx_word' id='word_1_162' title='bbox 728 1682 847 1731; x_wconf 83' lang='lat' dir='ltr'><strong>Primum</strong></span> <span class='ocrx_word' id='word_1_163' title='bbox 883 1679 965 1745; x_wconf 74' lang='lat' dir='ltr'><strong>igitur</strong></span> <span class='ocrx_word' id='word_1_164' title='bbox 976 1681 1137 1745; x_wconf 74' lang='lat' dir='ltr'><strong>sanguinaria</strong></span> <span class='ocrx_word' id='word_1_165' title='bbox 1147 1682 1295 1745; x_wconf 85' lang='lat' dir='ltr'><strong>eloquentia</strong></span> <span class='ocrx_word' id='word_1_166' title='bbox 1305 1695 1355 1730; x_wconf 91' lang='lat' dir='ltr'><strong>non</strong></span> <span class='ocrx_word' id='word_1_167' title='bbox 1368 1695 1412 1732; x_wconf 81' lang='lat' dir='ltr'><strong>to·</strong></span> 
     </span>
     <span class='ocr_line' id='line_1_18' title="bbox 313 1754 1413 1822; baseline 0.003 -17"><span class='ocrx_word' id='word_1_168' title='bbox 313 1755 383 1806; x_wconf 84' lang='lat' dir='ltr'><strong>enim</strong></span> <span class='ocrx_word' id='word_1_169' title='bbox 394 1768 445 1804; x_wconf 90' lang='lat' dir='ltr'><strong>non</strong></span> <span class='ocrx_word' id='word_1_170' title='bbox 457 1754 560 1805; x_wconf 81' lang='lat' dir='ltr'><strong>dixerat</strong></span> <span class='ocrx_word' id='word_1_171' title='bbox 570 1756 667 1807; x_wconf 85' lang='lat' dir='ltr'><strong>lulium</strong></span> <span class='ocrx_word' id='word_1_172' title='bbox 679 1756 790 1805; x_wconf 88' lang='lat' dir='ltr'><strong>alterum</strong></span> <span class='ocrx_word' id='word_1_173' title='bbox 802 1768 845 1804; x_wconf 87' lang='lat' dir='ltr'><strong>se:</strong></span> <span class='ocrx_word' id='word_1_174' title='bbox 883 1757 994 1817; x_wconf 80' lang='lat' dir='ltr'><strong>cabitur,</strong></span> <span class='ocrx_word' id='word_1_175' title='bbox 1004 1771 1052 1821; x_wconf 84' lang='lat' dir='ltr'><strong>per</strong></span> <span class='ocrx_word' id='word_1_176' title='bbox 1065 1772 1140 1822; x_wconf 87' lang='lat' dir='ltr'><strong>qnam</strong></span> <span class='ocrx_word' id='word_1_177' title='bbox 1160 1762 1200 1806; x_wconf 88' lang='lat' dir='ltr'><strong>tot</strong></span> <span class='ocrx_word' id='word_1_178' title='bbox 1212 1772 1332 1822; x_wconf 80' lang='lat' dir='ltr'><strong>proceres</strong></span> <span class='ocrx_word' id='word_1_179' title='bbox 1343 1759 1413 1807; x_wconf 86' lang='lat' dir='ltr'><strong>lace-</strong></span> 
     </span>
     <span class='ocr_line' id='line_1_19' title="bbox 315 1828 1411 1897; baseline 0.001 -16"><span class='ocrx_word' id='word_1_180' title='bbox 315 1828 383 1895; x_wconf 82' lang='lat' dir='ltr'><strong>quod</strong></span> <span class='ocrx_word' id='word_1_181' title='bbox 411 1830 516 1881; x_wconf 79' lang='lat' dir='ltr'><strong>ridetur</strong></span> <span class='ocrx_word' id='word_1_182' title='bbox 538 1830 659 1881; x_wconf 85' lang='lat' dir='ltr'><strong>debuisse</strong></span> <span class='ocrx_word' id='word_1_183' title='bbox 683 1830 772 1881; x_wconf 88' lang='lat' dir='ltr'><strong>dicere</strong></span> <span class='ocrx_word' id='word_1_184' title='bbox 794 1846 846 1895; x_wconf 91' lang='lat' dir='ltr'><strong>quo</strong></span> <span class='ocrx_word' id='word_1_185' title='bbox 885 1832 935 1881; x_wconf 87' lang='lat' dir='ltr'><strong>rati</strong></span> <span class='ocrx_word' id='word_1_186' title='bbox 963 1832 1040 1882; x_wconf 85' lang='lat' dir='ltr'><strong>sunt?</strong></span> <span class='ocrx_word' id='word_1_187' title='bbox 1083 1832 1225 1881; x_wconf 82' lang='lat' dir='ltr'><strong>Salinerius.</strong></span> <span class='ocrx_word' id='word_1_188' title='bbox 1258 1830 1300 1881; x_wconf 82' lang='lat' dir='ltr'><strong>Ad</strong></span> <span class='ocrx_word' id='word_1_189' title='bbox 1330 1833 1411 1897; x_wconf 87' lang='lat' dir='ltr'><strong>Lipsii</strong></span> 
     </span>
     <span class='ocr_line' id='line_1_20' title="bbox 315 1904 1412 1971; baseline 0.004 -16"><span class='ocrx_word' id='word_1_190' title='bbox 315 1918 425 1955; x_wconf 85' lang='lat' dir='ltr'><strong>acumen</strong></span> <span class='ocrx_word' id='word_1_191' title='bbox 436 1904 506 1955; x_wconf 85' lang='lat' dir='ltr'><strong>istud</strong></span> <span class='ocrx_word' id='word_1_192' title='bbox 514 1906 565 1955; x_wconf 81' lang='lat' dir='ltr'><strong>vim</strong></span> <span class='ocrx_word' id='word_1_193' title='bbox 577 1905 692 1955; x_wconf 85' lang='lat' dir='ltr'><strong>baberet.</strong></span> <span class='ocrx_word' id='word_1_194' title='bbox 713 1906 764 1956; x_wconf 81' lang='lat' dir='ltr'><strong>Sed</strong></span> <span class='ocrx_word' id='word_1_195' title='bbox 776 1907 846 1955; x_wconf 85' lang='lat' dir='ltr'><strong>Mar·</strong></span> <span class='ocrx_word' id='word_1_196' title='bbox 883 1913 997 1957; x_wconf 80' lang='lat' dir='ltr'><strong>mentem</strong></span> <span class='ocrx_word' id='word_1_197' title='bbox 1015 1922 1106 1971; x_wconf 85' lang='lat' dir='ltr'><strong>parom</strong></span> <span class='ocrx_word' id='word_1_198' title='bbox 1131 1915 1200 1971; x_wconf 82' lang='lat' dir='ltr'><strong>apta¹</strong></span> <span class='ocrx_word' id='word_1_199' title='bbox 1219 1908 1323 1958; x_wconf 86' lang='lat' dir='ltr'><strong>alterins</strong></span> <span class='ocrx_word' id='word_1_200' title='bbox 1340 1908 1412 1959; x_wconf 84' lang='lat' dir='ltr'><strong>uocis</strong></span> 
     </span>
     <span class='ocr_line' id='line_1_21' title="bbox 315 1981 1411 2048; baseline 0 -16"><span class='ocrx_word' id='word_1_201' title='bbox 315 1996 362 2032; x_wconf 87' lang='lat' dir='ltr'><strong>cns</strong></span> <span class='ocrx_word' id='word_1_202' title='bbox 380 1982 535 2044; x_wconf 66' lang='lat' dir='ltr'><strong>nemeislret.</strong></span> <span class='ocrx_word' id='word_1_203' title='bbox 568 1984 673 2033; x_wconf 84' lang='lat' dir='ltr'><strong>Deinde</strong></span> <span class='ocrx_word' id='word_1_204' title='bbox 685 1984 777 2048; x_wconf 88' lang='lat' dir='ltr'><strong>qui&#39;se</strong></span> <span class='ocrx_word' id='word_1_205' title='bbox 796 1981 845 2032; x_wconf 89' lang='lat' dir='ltr'><strong>sibi</strong></span> <span class='ocrx_word' id='word_1_206' title='bbox 883 1981 1047 2045; x_wconf 73' lang='lat' dir='ltr'><strong>significatio.</strong></span> <span class='ocrx_word' id='word_1_207' title='bbox 1081 1982 1124 2031; x_wconf 86' lang='lat' dir='ltr'><strong>lta</strong></span> <span class='ocrx_word' id='word_1_208' title='bbox 1144 1989 1194 2033; x_wconf 88' lang='lat' dir='ltr'><strong>est.</strong></span> <span class='ocrx_word' id='word_1_209' title='bbox 1236 1983 1289 2033; x_wconf 87' lang='lat' dir='ltr'><strong>Sed</strong></span> <span class='ocrx_word' id='word_1_210' title='bbox 1307 1998 1358 2033; x_wconf 90' lang='lat' dir='ltr'><strong>uon</strong></span> <span class='ocrx_word' id='word_1_211' title='bbox 1377 1982 1411 2033; x_wconf 85' lang='lat' dir='ltr'><strong>sd</strong></span> 
     </span>
     <span class='ocr_line' id='line_1_22' title="bbox 314 2058 1412 2125; baseline 0 -15"><span class='ocrx_word' id='word_1_212' title='bbox 314 2060 487 2123; x_wconf 87' lang='lat' dir='ltr'><strong>commendat,</strong></span> <span class='ocrx_word' id='word_1_213' title='bbox 498 2061 521 2110; x_wconf 89' lang='lat' dir='ltr'><strong>is&#39;</strong></span> <span class='ocrx_word' id='word_1_214' title='bbox 532 2075 583 2110; x_wconf 88' lang='lat' dir='ltr'><strong>non</strong></span> <span class='ocrx_word' id='word_1_215' title='bbox 594 2068 648 2111; x_wconf 85' lang='lat' dir='ltr'><strong>tans</strong></span> <span class='ocrx_word' id='word_1_216' title='bbox 659 2068 760 2125; x_wconf 84' lang='lat' dir='ltr'><strong>peccat,</strong></span> <span class='ocrx_word' id='word_1_217' title='bbox 768 2076 845 2125; x_wconf 90' lang='lat' dir='ltr'><strong>quarn</strong></span> <span class='ocrx_word' id='word_1_218' title='bbox 883 2058 1064 2123; x_wconf 72' lang='lat' dir='ltr'><strong>sanguisugam</strong></span> <span class='ocrx_word' id='word_1_219' title='bbox 1080 2059 1254 2123; x_wconf 85' lang='lat' dir='ltr'><strong>eloquentiam</strong></span> <span class='ocrx_word' id='word_1_220' title='bbox 1272 2066 1364 2109; x_wconf 88' lang='lat' dir='ltr'><strong>auctor</strong></span> <span class='ocrx_word' id='word_1_221' title='bbox 1380 2072 1412 2110; x_wconf 87' lang='lat' dir='ltr'><strong>es</strong></span> 
     </span>
     <span class='ocr_line' id='line_1_23' title="bbox 312 2134 1410 2201; baseline -0.002 -16"><span class='ocrx_word' id='word_1_222' title='bbox 312 2142 393 2198; x_wconf 87' lang='lat' dir='ltr'><strong>errat,</strong></span> <span class='ocrx_word' id='word_1_223' title='bbox 403 2148 480 2201; x_wconf 82' lang='lat' dir='ltr'><strong>quarn</strong></span> <span class='ocrx_word' id='word_1_224' title='bbox 490 2136 606 2201; x_wconf 79' lang='lat' dir='ltr'><strong>ineptam</strong></span> <span class='ocrx_word' id='word_1_225' title='bbox 625 2142 653 2186; x_wconf 89' lang='lat' dir='ltr'><strong>et</strong></span> <span class='ocrx_word' id='word_1_226' title='bbox 663 2136 800 2185; x_wconf 85' lang='lat' dir='ltr'><strong>absurdam</strong></span> <span class='ocrx_word' id='word_1_227' title='bbox 817 2142 846 2186; x_wconf 91' lang='lat' dir='ltr'><strong>et</strong></span> <span class='ocrx_word' id='word_1_228' title='bbox 883 2147 947 2182; x_wconf 87' lang='lat' dir='ltr'><strong>voce</strong></span> <span class='ocrx_word' id='word_1_229' title='bbox 974 2134 1100 2197; x_wconf 84' lang='lat' dir='ltr'><strong>respexit,</strong></span> <span class='ocrx_word' id='word_1_230' title='bbox 1131 2134 1176 2184; x_wconf 88' lang='lat' dir='ltr'><strong>sed</strong></span> <span class='ocrx_word' id='word_1_231' title='bbox 1210 2136 1410 2199; x_wconf 76' lang='lat' dir='ltr'><strong>proliatricem:</strong></span> 
     </span>
     <span class='ocr_line' id='line_1_24' title="bbox 312 2210 1411 2276; baseline 0.001 -15"><span class='ocrx_word' id='word_1_232' title='bbox 312 2212 418 2261; x_wconf 89' lang='lat' dir='ltr'><strong>minime</strong></span> <span class='ocrx_word' id='word_1_233' title='bbox 436 2213 608 2261; x_wconf 86' lang='lat' dir='ltr'><strong>neeessariam</strong></span> <span class='ocrx_word' id='word_1_234' title='bbox 630 2226 683 2261; x_wconf 79' lang='lat' dir='ltr'><strong>rein</strong></span> <span class='ocrx_word' id='word_1_235' title='bbox 703 2212 775 2261; x_wconf 85' lang='lat' dir='ltr'><strong>facit.</strong></span> <span class='ocrx_word' id='word_1_236' title='bbox 809 2211 846 2261; x_wconf 77' lang='lat' dir='ltr'><strong>At</strong></span> <span class='ocrx_word' id='word_1_237' title='bbox 883 2210 1031 2273; x_wconf 85' lang='lat' dir='ltr'><strong>qois,ntet</strong></span> <span class='ocrx_word' id='word_1_238' title='bbox 1051 2225 1130 2275; x_wconf 87' lang='lat' dir='ltr'><strong>supra</strong></span> <span class='ocrx_word' id='word_1_239' title='bbox 1148 2211 1259 2276; x_wconf 86' lang='lat' dir='ltr'><strong>dixerat,</strong></span> <span class='ocrx_word' id='word_1_240' title='bbox 1277 2218 1304 2261; x_wconf 86' lang='lat' dir='ltr'><strong>et</strong></span> <span class='ocrx_word' id='word_1_241' title='bbox 1320 2212 1411 2262; x_wconf 83' lang='lat' dir='ltr'><strong>lricre·</strong></span> 
     </span>
     <span class='ocr_line' id='line_1_25' title="bbox 315 2284 1411 2351; baseline 0.004 -16"><span class='ocrx_word' id='word_1_242' title='bbox 315 2286 359 2351; x_wconf 90' lang='lat' dir='ltr'><strong>qni</strong></span> <span class='ocrx_word' id='word_1_243' title='bbox 370 2301 398 2335; x_wconf 86' lang='lat' dir='ltr'><strong>se</strong></span> <span class='ocrx_word' id='word_1_244' title='bbox 410 2292 487 2350; x_wconf 84' lang='lat' dir='ltr'><strong>putat</strong></span> <span class='ocrx_word' id='word_1_245' title='bbox 506 2286 575 2351; x_wconf 90' lang='lat' dir='ltr'><strong>spnd</strong></span> <span class='ocrx_word' id='word_1_246' title='bbox 594 2302 654 2336; x_wconf 88' lang='lat' dir='ltr'><strong>suus</strong></span> <span class='ocrx_word' id='word_1_247' title='bbox 666 2288 846 2337; x_wconf 82' lang='lat' dir='ltr'><strong>commendass-</strong></span> <span class='ocrx_word' id='word_1_248' title='bbox 883 2284 961 2347; x_wconf 87' lang='lat' dir='ltr'><strong>petit,</strong></span> <span class='ocrx_word' id='word_1_249' title='bbox 970 2284 1126 2335; x_wconf 70' lang='lat' dir='ltr'><strong>incussisti</strong></span> <span class='ocrx_word' id='word_1_250' title='bbox 1143 2292 1316 2351; x_wconf 79' lang='lat' dir='ltr'><strong>repertoetset.</strong></span> <span class='ocrx_word' id='word_1_251' title='bbox 1350 2288 1411 2341; x_wconf 82' lang='lat' dir='ltr'><strong>Quo</strong></span> 
     </span>
     <span class='ocr_line' id='line_1_26' title="bbox 314 2360 1413 2427; baseline -0.001 -16"><span class='ocrx_word' id='word_1_252' title='bbox 314 2362 386 2424; x_wconf 86' lang='lat' dir='ltr'><strong>dum,</strong></span> <span class='ocrx_word' id='word_1_253' title='bbox 403 2362 425 2412; x_wconf 86' lang='lat' dir='ltr'><strong>is</strong></span> <span class='ocrx_word' id='word_1_254' title='bbox 442 2363 515 2412; x_wconf 77' lang='lat' dir='ltr'><strong>laedit</strong></span> <span class='ocrx_word' id='word_1_255' title='bbox 527 2363 636 2427; x_wconf 88' lang='lat' dir='ltr'><strong>quodam</strong></span> <span class='ocrx_word' id='word_1_256' title='bbox 649 2363 722 2413; x_wconf 91' lang='lat' dir='ltr'><strong>modo</strong></span> <span class='ocrx_word' id='word_1_257' title='bbox 737 2361 846 2426; x_wconf 82' lang='lat' dir='ltr'><strong>jusoffi-</strong></span> <span class='ocrx_word' id='word_1_258' title='bbox 883 2366 1005 2422; x_wconf 81' lang='lat' dir='ltr'><strong>respectu</strong></span> <span class='ocrx_word' id='word_1_259' title='bbox 1023 2360 1157 2424; x_wconf 83' lang='lat' dir='ltr'><strong>aptissima</strong></span> <span class='ocrx_word' id='word_1_260' title='bbox 1177 2360 1210 2410; x_wconf 86' lang='lat' dir='ltr'><strong>sd</strong></span> <span class='ocrx_word' id='word_1_261' title='bbox 1228 2375 1329 2410; x_wconf 85' lang='lat' dir='ltr'><strong>sensum</strong></span> <span class='ocrx_word' id='word_1_262' title='bbox 1352 2375 1413 2427; x_wconf 82' lang='lat' dir='ltr'><strong>vox,</strong></span> 
     </span>
     <span class='ocr_line' id='line_1_27' title="bbox 313 2436 1378 2502; baseline -0.002 -13"><span class='ocrx_word' id='word_1_263' title='bbox 313 2438 357 2499; x_wconf 88' lang='lat' dir='ltr'><strong>cii,</strong></span> <span class='ocrx_word' id='word_1_264' title='bbox 368 2444 395 2488; x_wconf 91' lang='lat' dir='ltr'><strong>et</strong></span> <span class='ocrx_word' id='word_1_265' title='bbox 406 2452 464 2487; x_wconf 87' lang='lat' dir='ltr'><strong>cunr</strong></span> <span class='ocrx_word' id='word_1_266' title='bbox 484 2438 586 2489; x_wconf 85' lang='lat' dir='ltr'><strong>dubitet</strong></span> <span class='ocrx_word' id='word_1_267' title='bbox 604 2439 637 2488; x_wconf 89' lang='lat' dir='ltr'><strong>de</strong></span> <span class='ocrx_word' id='word_1_268' title='bbox 657 2439 734 2488; x_wconf 90' lang='lat' dir='ltr'><strong>amici</strong></span> <span class='ocrx_word' id='word_1_269' title='bbox 745 2452 807 2502; x_wconf 77' lang='lat' dir='ltr'><strong>erga</strong></span> <span class='ocrx_word' id='word_1_270' title='bbox 818 2452 846 2489; x_wconf 92' lang='lat' dir='ltr'><strong>se</strong></span> <span class='ocrx_word' id='word_1_271' title='bbox 883 2444 932 2486; x_wconf 89' lang='lat' dir='ltr'><strong>nec</strong></span> <span class='ocrx_word' id='word_1_272' title='bbox 945 2436 1083 2502; x_wconf 83' lang='lat' dir='ltr'><strong>quidquam</strong></span> <span class='ocrx_word' id='word_1_273' title='bbox 1094 2438 1289 2487; x_wconf 86' lang='lat' dir='ltr'><strong>immutandum.</strong></span> <span class='ocrx_word' id='word_1_274' title='bbox 1306 2439 1378 2488; x_wconf 78' lang='lat' dir='ltr'><strong>Acid.</strong></span> 
     </span>
     <span class='ocr_line' id='line_1_28' title="bbox 313 2512 1411 2579; baseline 0 -17"><span class='ocrx_word' id='word_1_275' title='bbox 313 2513 570 2579; x_wconf 78' lang='lat' dir='ltr'><strong>volunlate‚peccat.</strong></span> <span class='ocrx_word' id='word_1_276' title='bbox 600 2515 846 2564; x_wconf 80' lang='lat' dir='ltr'><strong>Huncsensnmve·</strong></span> <span class='ocrx_word' id='word_1_277' title='bbox 885 2521 888 2525; x_wconf 77' lang='grc'><em>’</em></span> <span class='ocrx_word' id='word_1_278' title='bbox 915 2513 1001 2562; x_wconf 71' lang='lat' dir='ltr'><strong>Poitis</strong></span> <span class='ocrx_word' id='word_1_279' title='bbox 1016 2519 1040 2563; x_wconf 82' lang='lat' dir='ltr'><strong>rt</strong></span> <span class='ocrx_word' id='word_1_280' title='bbox 1056 2512 1150 2563; x_wconf 80' lang='lat' dir='ltr'><strong>cutibus</strong></span> <span class='ocrx_word' id='word_1_281' title='bbox 1168 2512 1280 2574; x_wconf 69' lang='lat' dir='ltr'><strong>umndut,</strong></span> <span class='ocrx_word' id='word_1_282' title='bbox 1296 2514 1337 2577; x_wconf 83' lang='lat' dir='ltr'><strong>qui</strong></span> <span class='ocrx_word' id='word_1_283' title='bbox 1354 2513 1411 2562; x_wconf 80' lang='lat' dir='ltr'><strong>berse</strong></span> 
     </span>
     <span class='ocr_line' id='line_1_29' title="bbox 314 2586 1411 2654; baseline 0.002 -17"><span class='ocrx_word' id='word_1_284' title='bbox 314 2588 410 2639; x_wconf 85' lang='lat' dir='ltr'><strong>riorem</strong></span> <span class='ocrx_word' id='word_1_285' title='bbox 421 2588 541 2639; x_wconf 79' lang='lat' dir='ltr'><strong>arbitror.</strong></span> <span class='ocrx_word' id='word_1_286' title='bbox 564 2590 745 2639; x_wconf 74' lang='lat' dir='ltr'><strong>collaetantem</strong></span> <span class='ocrx_word' id='word_1_287' title='bbox 756 2590 845 2653; x_wconf 85' lang='lat' dir='ltr'><strong>(quem</strong></span> <span class='ocrx_word' id='word_1_288' title='bbox 877 2586 948 2646; x_wconf 78' lang='lat' dir='ltr'><strong>factu</strong></span> <span class='ocrx_word' id='word_1_289' title='bbox 968 2588 1088 2651; x_wconf 73' lang='lat' dir='ltr'><strong>emeat]</strong></span> <span class='ocrx_word' id='word_1_290' title='bbox 1113 2588 1253 2639; x_wconf 80' lang='lat' dir='ltr'><strong>Manifeste</strong></span> <span class='ocrx_word' id='word_1_291' title='bbox 1271 2588 1411 2654; x_wconf 76' lang='lat' dir='ltr'><strong>legendnm</strong></span> 
     </span>
     <span class='ocr_line' id='line_1_30' title="bbox 315 2661 1395 2729; baseline 0.001 -15"><span class='ocrx_word' id='word_1_292' title='bbox 315 2662 403 2714; x_wconf 83' lang='lat' dir='ltr'><strong>Graeci</strong></span> <span class='ocrx_word' id='word_1_293' title='bbox 415 2662 510 2725; x_wconf 74' lang='grc' dir='ltr'><strong><em>Κόσμον</em></strong></span> <span class='ocrx_word' id='word_1_294' title='bbox 528 2664 674 2729; x_wconf 87' lang='lat' dir='ltr'><strong>appellant)</strong></span> <span class='ocrx_word' id='word_1_295' title='bbox 688 2663 846 2714; x_wconf 76' lang='lat' dir='ltr'><strong>Aristoteles</strong></span> <span class='ocrx_word' id='word_1_296' title='bbox 882 2661 1025 2712; x_wconf 68' lang='lat' dir='ltr'><strong>ammius</strong></span> <span class='ocrx_word' id='word_1_297' title='bbox 1057 2664 1291 2729; x_wconf 80' lang='lat' dir='ltr'><strong>Sicquelduretus.</strong></span> <span class='ocrx_word' id='word_1_298' title='bbox 1323 2664 1395 2715; x_wconf 76' lang='lat' dir='ltr'><strong>Acid.</strong></span> 
     </span>
     <span class='ocr_line' id='line_1_31' title="bbox 314 2738 1412 2804; baseline 0.001 -18"><span class='ocrx_word' id='word_1_299' title='bbox 314 2738 394 2787; x_wconf 82' lang='lat' dir='ltr'><strong>etiem</strong></span> <span class='ocrx_word' id='word_1_300' title='bbox 404 2738 500 2789; x_wconf 77' lang='lat' dir='ltr'><strong>Polites</strong></span> <span class='ocrx_word' id='word_1_301' title='bbox 520 2741 614 2804; x_wconf 85' lang='lat' dir='ltr'><strong>primos</strong></span> <span class='ocrx_word' id='word_1_302' title='bbox 631 2746 752 2790; x_wconf 88' lang='lat' dir='ltr'><strong>suctores</strong></span> <span class='ocrx_word' id='word_1_303' title='bbox 772 2738 846 2803; x_wconf 81' lang='lat' dir='ltr'><strong>fecit,</strong></span> <span class='ocrx_word' id='word_1_304' title='bbox 884 2742 888 2749; x_wconf 91' lang='grc'><strong>’</strong></span> <span class='ocrx_word' id='word_1_305' title='bbox 916 2739 966 2786; x_wconf 82' lang='lat' dir='ltr'><strong>Aut</strong></span> <span class='ocrx_word' id='word_1_306' title='bbox 974 2738 1054 2799; x_wconf 76' lang='lat' dir='ltr'><strong>gioria</strong></span> <span class='ocrx_word' id='word_1_307' title='bbox 1068 2740 1155 2803; x_wconf 65' lang='lat' dir='ltr'><strong>sunjon]</strong></span> <span class='ocrx_word' id='word_1_308' title='bbox 1170 2739 1319 2802; x_wconf 80' lang='lat' dir='ltr'><strong>Erestigiis</strong></span> <span class='ocrx_word' id='word_1_309' title='bbox 1331 2738 1412 2803; x_wconf 83' lang='lat' dir='ltr'><strong>scrip·</strong></span> 
     </span>
     <span class='ocr_line' id='line_1_32' title="bbox 314 2812 1409 2877; baseline 0.003 -15"><span class='ocrx_word' id='word_1_310' title='bbox 314 2812 431 2877; x_wconf 87' lang='lat' dir='ltr'><strong>dicitque</strong></span> <span class='ocrx_word' id='word_1_311' title='bbox 442 2828 486 2864; x_wconf 82' lang='lat' dir='ltr'><strong>eus</strong></span> <span class='ocrx_word' id='word_1_312' title='bbox 505 2816 672 2865; x_wconf 78' lang='lat' dir='ltr'><strong>commovisse</strong></span> <span class='ocrx_word' id='word_1_313' title='bbox 691 2814 845 2865; x_wconf 85' lang='lat' dir='ltr'><strong>orationem.</strong></span> <span class='ocrx_word' id='word_1_314' title='bbox 883 2819 951 2862; x_wconf 74' lang='lat' dir='ltr'><strong>lurae</strong></span> <span class='ocrx_word' id='word_1_315' title='bbox 972 2814 1064 2877; x_wconf 85' lang='lat' dir='ltr'><strong>priscte</strong></span> <span class='ocrx_word' id='word_1_316' title='bbox 1086 2814 1196 2865; x_wconf 86' lang='lat' dir='ltr'><strong>restitui.</strong></span> <span class='ocrx_word' id='word_1_317' title='bbox 1228 2816 1295 2865; x_wconf 89' lang='lat' dir='ltr'><strong>Nam</strong></span> <span class='ocrx_word' id='word_1_318' title='bbox 1314 2816 1409 2865; x_wconf 79' lang='lat' dir='ltr'><strong>Ferue-</strong></span> 
     </span>
     <span class='ocr_line' id='line_1_33' title="bbox 313 2888 1411 2955; baseline 0.004 -18"><span class='ocrx_word' id='word_1_319' title='bbox 313 2888 471 2940; x_wconf 79' lang='lat' dir='ltr'><strong>Aristoteles</strong></span> <span class='ocrx_word' id='word_1_320' title='bbox 483 2890 616 2939; x_wconf 74' lang='lat' dir='ltr'><strong>libetur.</strong></span> <span class='ocrx_word' id='word_1_321' title='bbox 628 2888 847 2954; x_wconf 65' lang='lat' dir='ltr'><strong>&#39;Apemaplvods</strong></span> <span class='ocrx_word' id='word_1_322' title='bbox 882 2888 984 2939; x_wconf 86' lang='lat' dir='ltr'><strong>sianus:</strong></span> <span class='ocrx_word' id='word_1_323' title='bbox 1012 2894 1053 2939; x_wconf 82' lang='lat' dir='ltr'><strong>urst</strong></span> <span class='ocrx_word' id='word_1_324' title='bbox 1080 2890 1160 2953; x_wconf 74' lang='lat' dir='ltr'><strong>gloria</strong></span> <span class='ocrx_word' id='word_1_325' title='bbox 1187 2905 1259 2941; x_wconf 80' lang='lat' dir='ltr'><strong>raone.</strong></span> <span class='ocrx_word' id='word_1_326' title='bbox 1303 2888 1411 2955; x_wconf 72' lang='lat' dir='ltr'><strong>vulgati</strong></span> 
     </span>
     <span class='ocr_line' id='line_1_34' title="bbox 313 2963 1184 3029; baseline 0.002 -17"><span class='ocrx_word' id='word_1_327' title='bbox 313 2964 406 3021; x_wconf 75' lang='grc' dir='ltr'><strong>κινῆσαι</strong></span> <span class='ocrx_word' id='word_1_328' title='bbox 427 2964 457 3012; x_wconf 79' lang='lat' dir='ltr'><strong>ri</strong></span> <span class='ocrx_word' id='word_1_329' title='bbox 477 2966 577 3028; x_wconf 73' lang='grc' dir='ltr'><strong>πρῶτον,</strong></span> <span class='ocrx_word' id='word_1_330' title='bbox 596 2964 673 3029; x_wconf 62' lang='grc' dir='ltr'><strong>ὥσπερ</strong></span> <span class='ocrx_word' id='word_1_331' title='bbox 692 2963 805 3028; x_wconf 69' lang='grc' dir='ltr'><strong>πέφυκεν,</strong></span> <span class='ocrx_word' id='word_1_332' title='bbox 823 2966 847 3014; x_wconf 85' lang='lat' dir='ltr'><strong>oi</strong></span> <span class='ocrx_word' id='word_1_333' title='bbox 882 2964 1085 3027; x_wconf 85' lang='lat' dir='ltr'><strong>planeturbant.</strong></span> <span class='ocrx_word' id='word_1_334' title='bbox 1116 2964 1184 3029; x_wconf 84' lang='lat' dir='ltr'><strong>Lips.</strong></span> 
     </span>
    </p>

    <p class='ocr_par' dir='ltr' id='par_1_3' title="bbox 314 3036 1412 3183">
     <span class='ocr_line' id='line_1_35' title="bbox 314 3036 1412 3105; baseline 0.003 -18"><span class='ocrx_word' id='word_1_335' title='bbox 314 3036 418 3097; x_wconf 73' lang='lat' dir='ltr'><strong>sarmul.</strong></span> <span class='ocrx_word' id='word_1_336' title='bbox 452 3039 537 3091; x_wconf 84' lang='lat' dir='ltr'><strong>Quem</strong></span> <span class='ocrx_word' id='word_1_337' title='bbox 549 3040 664 3089; x_wconf 87' lang='lat' dir='ltr'><strong>imitatus</strong></span> <span class='ocrx_word' id='word_1_338' title='bbox 684 3047 725 3089; x_wconf 81' lang='lat' dir='ltr'><strong>est</strong></span> <span class='ocrx_word' id='word_1_339' title='bbox 744 3040 844 3090; x_wconf 86' lang='lat' dir='ltr'><strong>Plutar·</strong></span> <span class='ocrx_word' id='word_1_340' title='bbox 915 3038 1297 3105; x_wconf 71' lang='lat' dir='ltr'><strong>stsaecsatsnmteomposisa]</strong></span> <span class='ocrx_word' id='word_1_341' title='bbox 1314 3040 1329 3069; x_wconf 84' lang='lat'>&#39;</span> <span class='ocrx_word' id='word_1_342' title='bbox 1342 3054 1412 3090; x_wconf 86' lang='lat' dir='ltr'><strong>eont-</strong></span> 
     </span>
     <span class='ocr_line' id='line_1_36' title="bbox 316 3116 1410 3183; baseline 0 -16"><span class='ocrx_word' id='word_1_343' title='bbox 316 3116 501 3167; x_wconf 87' lang='lat' dir='ltr'><strong>cbnsSnlone:</strong></span> <span class='ocrx_word' id='word_1_344' title='bbox 528 3116 664 3182; x_wconf 67' lang='grc' dir='ltr'><strong><em>ἀρχομένων</em></strong></span> <span class='ocrx_word' id='word_1_345' title='bbox 683 3117 709 3167; x_wconf 80' lang='lat' dir='ltr'><strong>tl</strong></span> <span class='ocrx_word' id='word_1_346' title='bbox 729 3122 777 3168; x_wconf 75' lang='grc' dir='ltr'><strong>τῶν</strong></span> <span class='ocrx_word' id='word_1_347' title='bbox 792 3117 846 3183; x_wconf 72' lang='lat' dir='ltr'><strong>erpi</strong></span> <span class='ocrx_word' id='word_1_348' title='bbox 882 3117 967 3179; x_wconf 84' lang='lat' dir='ltr'><strong>posita</strong></span> <span class='ocrx_word' id='word_1_349' title='bbox 988 3120 1068 3167; x_wconf 86' lang='lat' dir='ltr'><strong>etiam</strong></span> <span class='ocrx_word' id='word_1_350' title='bbox 1081 3119 1162 3167; x_wconf 81' lang='lat' dir='ltr'><strong>rideri</strong></span> <span class='ocrx_word' id='word_1_351' title='bbox 1183 3118 1297 3168; x_wconf 63' lang='lat' dir='ltr'><strong>uolunt?</strong></span> <span class='ocrx_word' id='word_1_352' title='bbox 1315 3118 1359 3168; x_wconf 89' lang='lat' dir='ltr'><strong>ubi</strong></span> <span class='ocrx_word' id='word_1_353' title='bbox 1372 3124 1410 3167; x_wconf 84' lang='lat' dir='ltr'><strong>ts·</strong></span> 
     </span>
    </p>
   </div>
   <div class='ocr_carea' id='block_1_3' title="bbox 205 3186 1410 3258">
    <p class='ocr_par' dir='ltr' id='par_1_4' title="bbox 205 3186 1410 3258">
     <span class='ocr_line' id='line_1_37' title="bbox 205 3186 1410 3258; baseline 0.004 -20"><span class='ocrx_word' id='word_1_354' title='bbox 205 3186 213 3197; x_wconf 89' lang='lat'>&#39;</span> <span class='ocrx_word' id='word_1_355' title='bbox 313 3190 357 3240; x_wconf 73' lang='lat' dir='ltr'><strong>rin</strong></span> <span class='ocrx_word' id='word_1_356' title='bbox 377 3190 465 3242; x_wconf 74' lang='lat' dir='ltr'><strong>eim</strong></span> <span class='ocrx_word' id='word_1_357' title='bbox 484 3194 529 3252; x_wconf 73' lang='grc' dir='ltr'><strong>ἤδη</strong></span> <span class='ocrx_word' id='word_1_358' title='bbox 550 3192 596 3252; x_wconf 70' lang='lat' dir='ltr'><strong>rin</strong></span> <span class='ocrx_word' id='word_1_359' title='bbox 612 3194 744 3258; x_wconf 60' lang='lat' dir='ltr'><strong>spa-pastio</strong></span> <span class='ocrx_word' id='word_1_360' title='bbox 763 3198 844 3247; x_wconf 73' lang='lat' dir='ltr'><strong>swein.</strong></span> <span class='ocrx_word' id='word_1_361' title='bbox 881 3206 940 3240; x_wconf 90' lang='lat' dir='ltr'><strong>meu</strong></span> <span class='ocrx_word' id='word_1_362' title='bbox 950 3194 1176 3243; x_wconf 69' lang='lat' dir='ltr'><strong>nscioaurerios</strong></span> <span class='ocrx_word' id='word_1_363' title='bbox 1186 3195 1231 3257; x_wconf 82' lang='lat' dir='ltr'><strong>sit,</strong></span> <span class='ocrx_word' id='word_1_364' title='bbox 1239 3194 1319 3254; x_wconf 80' lang='lat' dir='ltr'><strong>sacta.</strong></span> <span class='ocrx_word' id='word_1_365' title='bbox 1337 3194 1410 3244; x_wconf 88' lang='lat' dir='ltr'><strong>Cice-</strong></span> 
     </span>
    </p>
   </div>
   <div class='ocr_carea' id='block_1_4' title="bbox 312 3268 1424 4253">
    <p class='ocr_par' dir='ltr' id='par_1_5' title="bbox 312 3268 1424 4175">
     <span class='ocr_line' id='line_1_38' title="bbox 315 3268 1409 3332; baseline 0 -13"><span class='ocrx_word' id='word_1_366' title='bbox 315 3270 476 3319; x_wconf 84' lang='lat' dir='ltr'><strong>Comrnotam</strong></span> <span class='ocrx_word' id='word_1_367' title='bbox 493 3270 635 3319; x_wconf 82' lang='lat' dir='ltr'><strong>Historiam</strong></span> <span class='ocrx_word' id='word_1_368' title='bbox 646 3273 738 3321; x_wconf 86' lang='lat' dir='ltr'><strong>Cicero</strong></span> <span class='ocrx_word' id='word_1_369' title='bbox 753 3274 844 3323; x_wconf 83' lang='lat' dir='ltr'><strong>eo&#39;dens</strong></span> <span class='ocrx_word' id='word_1_370' title='bbox 881 3282 911 3316; x_wconf 78' lang='lat' dir='ltr'><strong>ro</strong></span> <span class='ocrx_word' id='word_1_371' title='bbox 922 3270 949 3317; x_wconf 84' lang='lat' dir='ltr'><strong>in</strong></span> <span class='ocrx_word' id='word_1_372' title='bbox 961 3269 1061 3319; x_wconf 72' lang='lat' dir='ltr'><strong>Brutos</strong></span> <span class='ocrx_word' id='word_1_373' title='bbox 1075 3268 1144 3318; x_wconf 84' lang='lat' dir='ltr'><strong>‘Sed</strong></span> <span class='ocrx_word' id='word_1_374' title='bbox 1154 3269 1351 3332; x_wconf 75' lang='lat' dir='ltr'><strong>utintellectuns</strong></span> <span class='ocrx_word' id='word_1_375' title='bbox 1358 3276 1409 3331; x_wconf 86' lang='lat' dir='ltr'><strong>est,</strong></span> 
     </span>
     <span class='ocr_line' id='line_1_39' title="bbox 314 3343 1424 3405; baseline 0.002 -11"><span class='ocrx_word' id='word_1_376' title='bbox 314 3358 391 3394; x_wconf 88' lang='lat' dir='ltr'><strong>sensu</strong></span> <span class='ocrx_word' id='word_1_377' title='bbox 411 3343 480 3394; x_wconf 81' lang='lat' dir='ltr'><strong>dixit</strong></span> <span class='ocrx_word' id='word_1_378' title='bbox 502 3344 528 3393; x_wconf 86' lang='lat' dir='ltr'><strong>in</strong></span> <span class='ocrx_word' id='word_1_379' title='bbox 551 3344 634 3394; x_wconf 82' lang='lat' dir='ltr'><strong>Bruto</strong></span> <span class='ocrx_word' id='word_1_380' title='bbox 656 3346 742 3395; x_wconf 85' lang='lat' dir='ltr'><strong>uerbis</strong></span> <span class='ocrx_word' id='word_1_381' title='bbox 763 3348 845 3396; x_wconf 82' lang='lat' dir='ltr'><strong>&#39;ibeo-</strong></span> <span class='ocrx_word' id='word_1_382' title='bbox 883 3347 1004 3405; x_wconf 63' lang='lat' dir='ltr'><strong>(tmuium</strong></span> <span class='ocrx_word' id='word_1_383' title='bbox 1026 3344 1076 3391; x_wconf 77' lang='lat' dir='ltr'><strong>vim</strong></span> <span class='ocrx_word' id='word_1_384' title='bbox 1103 3343 1215 3394; x_wconf 73' lang='lat' dir='ltr'><strong>haberet</strong></span> <span class='ocrx_word' id='word_1_385' title='bbox 1241 3352 1362 3395; x_wconf 82' lang='lat' dir='ltr'><strong>securata</strong></span> <span class='ocrx_word' id='word_1_386' title='bbox 1380 3351 1424 3395; x_wconf 84' lang='lat' dir='ltr'><strong>et·</strong></span> 
     </span>
     <span class='ocr_line' id='line_1_40' title="bbox 314 3416 1409 3485; baseline 0.002 -17"><span class='ocrx_word' id='word_1_387' title='bbox 314 3420 427 3484; x_wconf 83' lang='lat' dir='ltr'><strong>pbrssti:</strong></span> <span class='ocrx_word' id='word_1_388' title='bbox 448 3419 481 3469; x_wconf 90' lang='lat' dir='ltr'><strong>de</strong></span> <span class='ocrx_word' id='word_1_389' title='bbox 492 3418 629 3470; x_wconf 85' lang='lat' dir='ltr'><strong>Herodoto</strong></span> <span class='ocrx_word' id='word_1_390' title='bbox 640 3427 668 3470; x_wconf 87' lang='lat' dir='ltr'><strong>et</strong></span> <span class='ocrx_word' id='word_1_391' title='bbox 677 3422 843 3485; x_wconf 80' lang='lat' dir='ltr'><strong>Thucydide:</strong></span> <span class='ocrx_word' id='word_1_392' title='bbox 882 3416 954 3467; x_wconf 81' lang='lat' dir='ltr'><strong>faeta</strong></span> <span class='ocrx_word' id='word_1_393' title='bbox 964 3418 1153 3483; x_wconf 80' lang='lat' dir='ltr'><strong>quodammodo</strong></span> <span class='ocrx_word' id='word_1_394' title='bbox 1163 3420 1264 3471; x_wconf 66' lang='lat' dir='ltr'><strong>oratio!</strong></span> <span class='ocrx_word' id='word_1_395' title='bbox 1296 3421 1370 3470; x_wconf 88' lang='lat' dir='ltr'><strong>Idem</strong></span> <span class='ocrx_word' id='word_1_396' title='bbox 1381 3420 1409 3471; x_wconf 90' lang='lat' dir='ltr'><strong>in</strong></span> 
     </span>
     <span class='ocr_line' id='line_1_41' title="bbox 312 3494 1410 3563; baseline 0.003 -19"><span class='ocrx_word' id='word_1_397' title='bbox 312 3494 487 3546; x_wconf 77' lang='lat' dir='ltr'><strong>‘Alterenim</strong></span> <span class='ocrx_word' id='word_1_398' title='bbox 508 3498 564 3549; x_wconf 88' lang='lat' dir='ltr'><strong>sine</strong></span> <span class='ocrx_word' id='word_1_399' title='bbox 582 3498 640 3547; x_wconf 91' lang='lat' dir='ltr'><strong>nllis</strong></span> <span class='ocrx_word' id='word_1_400' title='bbox 651 3499 760 3549; x_wconf 86' lang='lat' dir='ltr'><strong>salebris</strong></span> <span class='ocrx_word' id='word_1_401' title='bbox 771 3500 844 3563; x_wconf 86' lang='lat' dir='ltr'><strong>qnasi</strong></span> <span class='ocrx_word' id='word_1_402' title='bbox 882 3502 1000 3544; x_wconf 83' lang='lat' dir='ltr'><strong>oratore:</strong></span> <span class='ocrx_word' id='word_1_403' title='bbox 1017 3494 1137 3546; x_wconf 86' lang='lat' dir='ltr'><strong>‘Omitto</strong></span> <span class='ocrx_word' id='word_1_404' title='bbox 1162 3496 1306 3547; x_wconf 81' lang='lat' dir='ltr'><strong>Isocratem</strong></span> <span class='ocrx_word' id='word_1_405' title='bbox 1333 3496 1410 3547; x_wconf 90' lang='lat' dir='ltr'><strong>disci·</strong></span> 
     </span>
     <span class='ocr_line' id='line_1_42' title="bbox 313 3572 1409 3637; baseline 0.001 -15"><span class='ocrx_word' id='word_1_406' title='bbox 313 3573 419 3623; x_wconf 84' lang='lat' dir='ltr'><strong>sedatus</strong></span> <span class='ocrx_word' id='word_1_407' title='bbox 442 3572 524 3621; x_wconf 87' lang='lat' dir='ltr'><strong>amuis</strong></span> <span class='ocrx_word' id='word_1_408' title='bbox 542 3572 608 3635; x_wconf 83' lang='lat' dir='ltr'><strong>fluit,</strong></span> <span class='ocrx_word' id='word_1_409' title='bbox 627 3575 694 3624; x_wconf 88' lang='lat' dir='ltr'><strong>alter</strong></span> <span class='ocrx_word' id='word_1_410' title='bbox 715 3574 845 3625; x_wconf 80' lang='lat' dir='ltr'><strong>incitatior</strong></span> <span class='ocrx_word' id='word_1_411' title='bbox 881 3573 1006 3636; x_wconf 80' lang='lat' dir='ltr'><strong>polosque</strong></span> <span class='ocrx_word' id='word_1_412' title='bbox 1024 3573 1080 3635; x_wconf 85' lang='lat' dir='ltr'><strong>ejus</strong></span> <span class='ocrx_word' id='word_1_413' title='bbox 1091 3574 1222 3637; x_wconf 75' lang='lat' dir='ltr'><strong>Ephorum</strong></span> <span class='ocrx_word' id='word_1_414' title='bbox 1242 3582 1270 3623; x_wconf 88' lang='lat' dir='ltr'><strong>et</strong></span> <span class='ocrx_word' id='word_1_415' title='bbox 1293 3574 1409 3623; x_wconf 85' lang='lat' dir='ltr'><strong>Naucra-</strong></span> 
     </span>
     <span class='ocr_line' id='line_1_43' title="bbox 314 3646 1407 3714; baseline 0.004 -17"><span class='ocrx_word' id='word_1_416' title='bbox 314 3646 399 3697; x_wconf 79' lang='lat' dir='ltr'><strong>fertur</strong></span> <span class='ocrx_word' id='word_1_417' title='bbox 410 3653 437 3699; x_wconf 89' lang='lat' dir='ltr'><strong>et</strong></span> <span class='ocrx_word' id='word_1_418' title='bbox 447 3648 481 3698; x_wconf 87' lang='lat' dir='ltr'><strong>de</strong></span> <span class='ocrx_word' id='word_1_419' title='bbox 492 3649 590 3700; x_wconf 82' lang='lat' dir='ltr'><strong>bellicis</strong></span> <span class='ocrx_word' id='word_1_420' title='bbox 599 3651 676 3701; x_wconf 90' lang='lat' dir='ltr'><strong>rebus</strong></span> <span class='ocrx_word' id='word_1_421' title='bbox 685 3652 755 3701; x_wconf 89' lang='lat' dir='ltr'><strong>canit</strong></span> <span class='ocrx_word' id='word_1_422' title='bbox 765 3652 845 3701; x_wconf 83' lang='lat' dir='ltr'><strong>etism</strong></span> <span class='ocrx_word' id='word_1_423' title='bbox 881 3654 945 3709; x_wconf 85' lang='lat' dir='ltr'><strong>tern,</strong></span> <span class='ocrx_word' id='word_1_424' title='bbox 972 3662 1116 3714; x_wconf 85' lang='lat' dir='ltr'><strong>quanquam</strong></span> <span class='ocrx_word' id='word_1_425' title='bbox 1132 3650 1253 3699; x_wconf 85' lang='lat' dir='ltr'><strong>orationis</strong></span> <span class='ocrx_word' id='word_1_426' title='bbox 1280 3650 1407 3701; x_wconf 80' lang='lat' dir='ltr'><strong>faciendae</strong></span> 
     </span>
     <span class='ocr_line' id='line_1_44' title="bbox 312 3724 1368 3791; baseline 0.006 -18"><span class='ocrx_word' id='word_1_427' title='bbox 312 3724 424 3789; x_wconf 85' lang='lat' dir='ltr'><strong>quodam</strong></span> <span class='ocrx_word' id='word_1_428' title='bbox 451 3724 527 3773; x_wconf 91' lang='lat' dir='ltr'><strong>modo</strong></span> <span class='ocrx_word' id='word_1_429' title='bbox 547 3725 679 3774; x_wconf 87' lang='lat' dir='ltr'><strong>bellicum:</strong></span> <span class='ocrx_word' id='word_1_430' title='bbox 703 3725 843 3789; x_wconf 87' lang='lat' dir='ltr'><strong>primisque</strong></span> <span class='ocrx_word' id='word_1_431' title='bbox 881 3732 997 3776; x_wconf 89' lang='lat' dir='ltr'><strong>suctores</strong></span> <span class='ocrx_word' id='word_1_432' title='bbox 1008 3727 1219 3791; x_wconf 69' lang='lat' dir='ltr'><strong>locupletissimi!</strong></span> <span class='ocrx_word' id='word_1_433' title='bbox 1253 3728 1368 3779; x_wconf 74' lang='lat' dir='ltr'><strong>Sebritae.</strong></span> 
     </span>
     <span class='ocr_line' id='line_1_45' title="bbox 313 3800 1409 3872; baseline 0.007 -23"><span class='ocrx_word' id='word_1_434' title='bbox 313 3800 347 3849; x_wconf 85' lang='lat' dir='ltr'><strong>ab</strong></span> <span class='ocrx_word' id='word_1_435' title='bbox 374 3800 415 3850; x_wconf 90' lang='lat' dir='ltr'><strong>bis</strong></span> <span class='ocrx_word' id='word_1_436' title='bbox 441 3800 561 3850; x_wconf 85' lang='lat' dir='ltr'><strong>Historia</strong></span> <span class='ocrx_word' id='word_1_437' title='bbox 586 3806 715 3851; x_wconf 86' lang='lat' dir='ltr'><strong>commota</strong></span> <span class='ocrx_word' id='word_1_438' title='bbox 742 3808 792 3863; x_wconf 86' lang='lat' dir='ltr'><strong>est,</strong></span> <span class='ocrx_word' id='word_1_439' title='bbox 814 3808 844 3851; x_wconf 87' lang='lat' dir='ltr'><strong>ut</strong></span> <span class='ocrx_word' id='word_1_440' title='bbox 913 3807 1027 3857; x_wconf 67' lang='lat' dir='ltr'><strong>Coacedb</strong></span> <span class='ocrx_word' id='word_1_441' title='bbox 1037 3807 1113 3872; x_wconf 77' lang='lat' dir='ltr'><strong>Aper]</strong></span> <span class='ocrx_word' id='word_1_442' title='bbox 1126 3808 1186 3857; x_wconf 84' lang='lat' dir='ltr'><strong>Sive</strong></span> <span class='ocrx_word' id='word_1_443' title='bbox 1195 3810 1312 3859; x_wconf 63' lang='lat' dir='ltr'><strong>conada.</strong></span> <span class='ocrx_word' id='word_1_444' title='bbox 1329 3807 1409 3859; x_wconf 77' lang='lat' dir='ltr'><strong>Actu.</strong></span> 
     </span>
     <span class='ocr_line' id='line_1_46' title="bbox 313 3874 1408 3949; baseline 0.011 -26"><span class='ocrx_word' id='word_1_445' title='bbox 313 3874 422 3939; x_wconf 78' lang='lat' dir='ltr'><strong>auderet</strong></span> <span class='ocrx_word' id='word_1_446' title='bbox 432 3875 546 3939; x_wconf 85' lang='lat' dir='ltr'><strong>uberius,</strong></span> <span class='ocrx_word' id='word_1_447' title='bbox 555 3890 631 3941; x_wconf 87' lang='lat' dir='ltr'><strong>quant</strong></span> <span class='ocrx_word' id='word_1_448' title='bbox 650 3878 805 3940; x_wconf 80' lang='lat' dir='ltr'><strong>superiores,</strong></span> <span class='ocrx_word' id='word_1_449' title='bbox 815 3883 844 3928; x_wconf 87' lang='lat' dir='ltr'><strong>ct</strong></span> <span class='ocrx_word' id='word_1_450' title='bbox 912 3883 1000 3933; x_wconf 74' lang='lat' dir='ltr'><strong>Pieres</strong></span> <span class='ocrx_word' id='word_1_451' title='bbox 1016 3886 1206 3949; x_wconf 78' lang='lat' dir='ltr'><strong>bodiereperiss]</strong></span> <span class='ocrx_word' id='word_1_452' title='bbox 1222 3885 1348 3935; x_wconf 87' lang='lat' dir='ltr'><strong>Videatur</strong></span> <span class='ocrx_word' id='word_1_453' title='bbox 1363 3885 1408 3935; x_wconf 91' lang='lat' dir='ltr'><strong>de·</strong></span> 
     </span>
     <span class='ocr_line' id='line_1_47' title="bbox 313 3950 1408 4024; baseline 0.011 -26"><span class='ocrx_word' id='word_1_454' title='bbox 313 3950 430 3999; x_wconf 85' lang='lat' dir='ltr'><strong>ornatius</strong></span> <span class='ocrx_word' id='word_1_455' title='bbox 449 3950 555 4001; x_wconf 69' lang='lat' dir='ltr'><strong>dicere!</strong></span> <span class='ocrx_word' id='word_1_456' title='bbox 589 3952 641 4001; x_wconf 89' lang='lat' dir='ltr'><strong>Hic</strong></span> <span class='ocrx_word' id='word_1_457' title='bbox 660 3959 749 4002; x_wconf 85' lang='lat' dir='ltr'><strong>noster</strong></span> <span class='ocrx_word' id='word_1_458' title='bbox 766 3951 843 4016; x_wconf 83' lang='lat' dir='ltr'><strong>infra,</strong></span> <span class='ocrx_word' id='word_1_459' title='bbox 880 3973 937 4009; x_wconf 81' lang='lat' dir='ltr'><strong>esse</strong></span> <span class='ocrx_word' id='word_1_460' title='bbox 955 3961 1092 4023; x_wconf 87' lang='lat' dir='ltr'><strong>particula,</strong></span> <span class='ocrx_word' id='word_1_461' title='bbox 1110 3960 1176 4017; x_wconf 76' lang='lat' dir='ltr'><strong>Quis</strong></span> <span class='ocrx_word' id='word_1_462' title='bbox 1189 3963 1269 4024; x_wconf 76' lang='lat' dir='ltr'><strong>plures</strong></span> <span class='ocrx_word' id='word_1_463' title='bbox 1287 3962 1356 4012; x_wconf 76' lang='lat' dir='ltr'><strong>iadis</strong></span> <span class='ocrx_word' id='word_1_464' title='bbox 1370 3976 1408 4012; x_wconf 84' lang='lat' dir='ltr'><strong>re·</strong></span> 
     </span>
     <span class='ocr_line' id='line_1_48' title="bbox 313 4025 1409 4101; baseline 0.002 -26"><span class='ocrx_word' id='word_1_465' title='bbox 313 4025 407 4075; x_wconf 66' lang='lat' dir='ltr'><strong>‘novit</strong></span> <span class='ocrx_word' id='word_1_466' title='bbox 432 4025 586 4091; x_wconf 72' lang='lat' dir='ltr'><strong>eioqllelliiae</strong></span> <span class='ocrx_word' id='word_1_467' title='bbox 614 4026 749 4079; x_wconf 72' lang='lat' dir='ltr'><strong>itineribus</strong></span> <span class='ocrx_word' id='word_1_468' title='bbox 776 4042 843 4093; x_wconf 62' lang='lat' dir='ltr'><strong>opii}</strong></span> <span class='ocrx_word' id='word_1_469' title='bbox 876 4036 965 4099; x_wconf 60' lang='grc' dir='ltr'><strong><em>μῆρε.</em></strong></span> <span class='ocrx_word' id='word_1_470' title='bbox 996 4036 1151 4101; x_wconf 66' lang='lat' dir='ltr'><strong>Quanquam</strong></span> <span class='ocrx_word' id='word_1_471' title='bbox 1168 4038 1245 4088; x_wconf 60' lang='lat' dir='ltr'><strong>etsie</strong></span> <span class='ocrx_word' id='word_1_472' title='bbox 1258 4036 1322 4087; x_wconf 64' lang='lat' dir='ltr'><strong>mig</strong></span> <span class='ocrx_word' id='word_1_473' title='bbox 1341 4036 1409 4087; x_wconf 71' lang='lat' dir='ltr'><strong>inte.</strong></span> 
     </span>
     <span class='ocr_line' id='line_1_49' title="bbox 314 4103 1217 4175; baseline 0.012 -25"><span class='ocrx_word' id='word_1_474' title='bbox 314 4112 372 4151; x_wconf 85' lang='lat' dir='ltr'><strong>esse</strong></span> <span class='ocrx_word' id='word_1_475' title='bbox 399 4116 457 4150; x_wconf 79' lang='lat' dir='ltr'><strong>crum</strong></span> <span class='ocrx_word' id='word_1_476' title='bbox 479 4103 581 4161; x_wconf 61' lang='lat' dir='ltr'><strong>volgata</strong></span> <span class='ocrx_word' id='word_1_477' title='bbox 602 4112 631 4155; x_wconf 87' lang='lat' dir='ltr'><strong>et</strong></span> <span class='ocrx_word' id='word_1_478' title='bbox 651 4104 795 4153; x_wconf 89' lang='lat' dir='ltr'><strong>domestica</strong></span> <span class='ocrx_word' id='word_1_479' title='bbox 816 4106 842 4153; x_wconf 93' lang='lat' dir='ltr'><strong>in</strong></span> <span class='ocrx_word' id='word_1_480' title='bbox 880 4111 1106 4175; x_wconf 75' lang='lat' dir='ltr'><strong>gromvulgstnm.</strong></span> <span class='ocrx_word' id='word_1_481' title='bbox 1141 4112 1217 4161; x_wconf 78' lang='lat' dir='ltr'><strong>idern.</strong></span> 
     </span>
    </p>

    <p class='ocr_par' dir='ltr' id='par_1_6' title="bbox 314 4176 1408 4253">
     <span class='ocr_line' id='line_1_50' title="bbox 314 4176 1408 4253; baseline 0.012 -28"><span class='ocrx_word' id='word_1_482' title='bbox 314 4176 419 4227; x_wconf 82' lang='lat' dir='ltr'><strong>fastidio</strong></span> <span class='ocrx_word' id='word_1_483' title='bbox 429 4178 496 4227; x_wconf 89' lang='lat' dir='ltr'><strong>sint:</strong></span> <span class='ocrx_word' id='word_1_484' title='bbox 515 4182 623 4229; x_wconf 80' lang='lat' dir='ltr'><strong>externa</strong></span> <span class='ocrx_word' id='word_1_485' title='bbox 641 4186 669 4229; x_wconf 92' lang='lat' dir='ltr'><strong>et</strong></span> <span class='ocrx_word' id='word_1_486' title='bbox 686 4180 842 4230; x_wconf 70' lang='lat' dir='ltr'><strong>notationi·-</strong></span> <span class='ocrx_word' id='word_1_487' title='bbox 912 4185 978 4238; x_wconf 74' lang='lat' dir='ltr'><strong>css».</strong></span> <span class='ocrx_word' id='word_1_488' title='bbox 990 4190 1030 4235; x_wconf 77' lang='lat' dir='ltr'><strong>is.</strong></span> <span class='ocrx_word' id='word_1_489' title='bbox 1047 4188 1085 4236; x_wconf 89' lang='lat' dir='ltr'><strong>Hi</strong></span> <span class='ocrx_word' id='word_1_490' title='bbox 1102 4188 1184 4250; x_wconf 80' lang='lat' dir='ltr'><strong>qsiirrs</strong></span> <span class='ocrx_word' id='word_1_491' title='bbox 1200 4193 1316 4253; x_wconf 68' lang='lat' dir='ltr'><strong>proestum</strong></span> <span class='ocrx_word' id='word_1_492' title='bbox 1329 4188 1408 4250; x_wconf 67' lang='lat' dir='ltr'><strong>isdig-</strong></span> 
     </span>
    </p>
   </div>
   <div class='ocr_carea' id='block_1_5' title="bbox 312 4253 1409 4329">
    <p class='ocr_par' dir='ltr' id='par_1_7' title="bbox 312 4253 1409 4329">
     <span class='ocr_line' id='line_1_51' title="bbox 312 4253 1409 4329; baseline 0.006 -23"><span class='ocrx_word' id='word_1_493' title='bbox 312 4253 548 4307; x_wconf 82' lang='lat' dir='ltr'><strong>nessdmirentur.&#39;</strong></span> <span class='ocrx_word' id='word_1_494' title='bbox 571 4254 667 4323; x_wconf 75' lang='lat' dir='ltr'><strong>milei,</strong></span> <span class='ocrx_word' id='word_1_495' title='bbox 677 4257 844 4323; x_wconf 78' lang='lat' dir='ltr'><strong>inqnltAria·</strong></span> <span class='ocrx_word' id='word_1_496' title='bbox 878 4260 980 4325; x_wconf 74' lang='lat' dir='ltr'><strong>mater]</strong></span> <span class='ocrx_word' id='word_1_497' title='bbox 1010 4260 1121 4311; x_wconf 78' lang='lat' dir='ltr'><strong>Fallitur</strong></span> <span class='ocrx_word' id='word_1_498' title='bbox 1136 4262 1249 4327; x_wconf 78' lang='lat' dir='ltr'><strong>lipsius.</strong></span> <span class='ocrx_word' id='word_1_499' title='bbox 1272 4262 1409 4329; x_wconf 68' lang='lat' dir='ltr'><strong>Significat</strong></span> 
     </span>
    </p>
   </div>
   <div class='ocr_carea' id='block_1_6' title="bbox 0 0 1604 4917">
    <p class='ocr_par' dir='ltr' id='par_1_8' title="bbox 0 0 1604 4917">
     <span class='ocr_line' id='line_1_52' title="bbox 0 0 1604 4917; baseline 0 1"><span class='ocrx_word' id='word_1_500' title='bbox 0 0 1604 4917; x_wconf 95' lang='lat' dir='ltr'><strong> </strong></span> 
     </span>
    </p>
   </div>
  </div>
 </body>
</html>
