3200 4917
319 364 408 433 4418
676 352 1009 447 nonnosum-uu
1034 379 1074 429 ru

322 521 370 575 utu
381 522 436 573 Sat
448 534 509 573 rur.
520 525 548 573 et
560 534 624 573 rur.
647 522 800 575 Namillum
809 535 853 571 ex-
889 536 967 574 arura
984 521 1075 571 cillere
1117 519 1212 570 Utrum
1232 520 1323 573 horum
1341 512 1425 573 moab

320 598 456 665 agitabant
466 596 609 647 occisorum
627 612 726 659 manes,
744 613 793 648 uec
812 613 853 647 us-
890 597 1015 647 audacter
1035 603 1106 660 opta,
1124 610 1174 645 nec
1192 596 1255 646 time
1273 596 1423 661 matigatio·

321 690 397 741 qoam
407 674 540 739 quiescere
551 674 679 743 sinebant.
712 675 790 727 Quod
809 690 854 724 an·
890 686 959 721 uem.
977 671 1149 735 Plin.ep.rv.
1160 677 1185 721 2.
1202 673 1337 741 ‘reliquos
1355 675 1423 723 Pou-

320 756 375 801 tem
386 750 428 799 hic
438 749 503 799 dicit
510 748 642 811 Τιιιίῑιιι,ι
652 751 720 801 inlra
727 749 853 801 Albanam
890 744 975 798 ufiees
985 762 1036 798 uon
1046 747 1073 795 in
1085 747 1191 810 regiam,
1203 748 1285 797 sedin
1293 747 1424 799 Albanam

320 826 408 891 uillam
418 824 549 875 sententia
557 824 691 875 Messalini
700 824 853 888 strepebat,’
889 824 978 873 villam
988 822 1160 874 convocavit!
1171 822 1320 873 iuvenalis:
1335 824 1423 875 ‘Quos

322 898 419 962 innuit,
436 901 507 949 Dum
517 899 600 949 adhuc
612 898 854 964 viueretAgricula,
890 899 1018 950 Albanam
1030 900 1083 949 dux
1094 914 1200 963 magnus
1211 900 1237 948 iu
1246 903 1334 949 arce'm
1341 900 1425 951 Trax-

321 990 372 1027 nec
394 974 540 1039 permisisse
558 974 747 1035 Domitianum,
768 989 853 1039 neque
890 975 965 1024 erat!
985 975 1102 1031 Solimi
1118 975 1334 1038 operosissimam
1351 976 1423 1025 illam

266 1044 272 1054 '
321 1050 491 1099 Messalinum
518 1064 605 1099 ausum
633 1048 712 1099 fuisse
748 1050 854 1113 publica
891 1049 1424 1114 domumDomitiani‚quamtotEpigram·

321 1140 476 1191 quemquam
490 1139 622 1188 accusare,
631 1124 699 1189 quud
712 1133 805 1188 postea
816 1125 853 1176 fe·
890 1127 965 1176 matis
973 1127 1100 1177 Martialis
1112 1125 1270 1190 magnificat,
1283 1131 1311 1174 et
1320 1125 1425 1176 Parsia·

322 1200 424 1265 cit,sed
437 1209 492 1251 tum
507 1200 644 1262 secretius,
665 1214 759 1264 nempe
770 1201 797 1250 in
809 1200 854 1251 Al·
889 1203 950 1252 uam
970 1204 1050 1251 aalusss
1071 1208 1158 1264 vocat,
1173 1201 1240 1251 tiro?
1269 1201 1414 1263 Virum.

321 1274 639 1327 tauromenum,
667 1274 739 1324 Libri
750 1264 854 1326 ueteres
922 1280 981 1327 Jam
991 1277 1054 1339 nus]
1070 1278 1151 1327 Forte
1161 1277 1242 1326 etiosa.
1259 1276 1373 1327 Gronov.

322 1352 519 1415 addunt,arcem
535 1350 616 1411 mlum,
633 1350 702 1399 unde
714 1351 853 1401 Rhenanus
923 1356 1019 1404 Nostrae
1029 1339 1424 1403 umaefletstuusstnearcere'ss

322 1420 460 1477 arbitrario
473 1425 544 1489 jure,
561 1425 628 1475 arcis
643 1425 747 1473 nomine
758 1425 855 1489 deleto,
890 1428 985 1491 masas]
1020 1428 1147 1492 Intelligit
1169 1427 1320 1477 Heluidium
1340 1427 1423 1476 filium

322 1502 412 1564 uiuam,
424 1499 541 1551 retinuit.
573 1500 855 1565 Etsuueautiqul,ant
892 1503 1007 1554 Helvislii
1033 1504 1116 1553 Prisci
1136 1502 1204 1553 illius
1225 1518 1241 1553 a
1261 1492 1424 1567 Vespasiano

322 1591 420 1641 arcem,
437 1583 483 1627 aut
508 1576 597 1626 villum
613 1574 740 1626 Albanam
757 1577 855 1626 vocita-
891 1579 1000 1643 primum
1011 1578 1131 1643 relegati,
1142 1578 1211 1643 quod
1229 1579 1424 1643 imperatoriam

323 1658 392 1704 runt.
425 1652 481 1715 Ego
489 1652 538 1701 etsi
548 1666 625 1701 arcon
636 1650 750 1715 reposui,
767 1656 854 1701 tamen
891 1654 1053 1718 majestatem
1086 1660 1253 1703 contemnere
1283 1654 1426 1720 videretur,

322 1731 432 1795 alteram
450 1742 541 1778 vocem
557 1726 644 1791 potius
665 1732 729 1791 puto
748 1741 855 1790 corrup·
891 1730 986 1780 deiude
1008 1730 1096 1781 occisi.
1129 1731 1196 1779 Rem
1214 1729 1315 1793 prolixe
1334 1738 1424 1781 narrat

323 1813 386 1870 mm,
399 1821 475 1872 quam
492 1813 523 1855 ut
537 1805 662 1868 glossema
680 1803 809 1853 additam:
827 1809 856 1851 et
890 1806 1038 1857 Suetonius.
1071 1807 1133 1856 Fuit
1150 1805 1246 1869 alioqui
1263 1804 1303 1854 sir
1315 1806 1424 1859 mactis-

323 1883 440 1951 auspicor
457 1880 611 1945 legendum:
628 1884 653 1929 et
663 1876 856 1929 immittamus
892 1882 979 1944 aimus,
990 1881 1038 1931 sed
1048 1880 1134 1931 nimiae
1146 1879 1333 1944 propemodum
1344 1880 1424 1931 liber·

323 1974 401 2009 creon
414 1959 479 2008 satu
495 1955 614 2007 euentu
628 1955 753 2005 Messalini
768 1959 857 2016 strepe-
892 1959 962 2021 tatis,
979 1973 1037 2023 quas
1054 1957 1163 2025 esitium
1177 1957 1216 2007 illi
1234 1957 1332 2008 attulit
1349 1958 1424 2008 cele·

323 2035 372 2085 iat.
405 2034 465 2085 Scio
484 2034 596 2096 vulgatas
613 2031 732 2081 lectionis
753 2043 856 2079 sensum
891 2032 952 2084 brat
970 2050 1029 2084 euru
1046 2033 1139 2097 longis,
1157 2033 1203 2082 sed
1227 2031 1333 2083 indubia
1345 2034 1424 2098 veria,

322 2114 389 2175 esse,
400 2109 533 2161 Messalini
548 2108 690 2158 sententias
706 2113 767 2155 tuuc
785 2106 857 2154 iutra
892 2111 1010 2161 leudibus
1029 2109 1140 2159 Tacitus
1168 2107 1258 2159 nisam.
1284 2121 1324 2158 nv.
1350 2109 1425 2159 cirea

322 2185 452 2237 Albanam
461 2198 547 2235 arcem
557 2190 657 2233 tantum
668 2182 744 2244 latas,
758 2186 786 2231 et
794 2195 856 2245 qua·
891 2186 975 2250 princ.
993 2200 1042 2235 nee
1062 2185 1176 2235 arbitror
1188 2200 1203 2234 ι
1213 2185 1331 2249 paternis
1342 2184 1424 2234 virtu.

323 2264 345 2313 Ιί
356 2262 383 2311 ill
395 2262 509 2323 occulto,
525 2258 570 2309 aed
582 2258 675 2307 deinde
687 2258 713 2307 in
723 2257 781 2321 ipsa
792 2256 856 2305 urbe
893 2261 963 2311 tibus
975 2261 1146 2325 degenerasse
1157 2259 1248 2324 filium,
1258 2274 1334 2324 quen
1343 2259 1424 2309 abun.

323 2338 405 2390 Roma
417 2336 512 2402 passim
523 2343 552 2387 et
562 2336 648 2401 palam
662 2334 772 2385 auditas,
804 2334 857 2381 Ve·
893 2335 926 2383 rie
937 2342 1047 2385 testatur
1057 2334 1153 2384 bouum
1164 2335 1247 2383 uirum
1257 2333 1348 2399 fuisse,
1357 2332 1424 2387 &ce

323 2428 381 2463 rum
398 2428 457 2463 cum
476 2410 571 2461 nortad
590 2410 732 2475 perniciem
747 2407 856 2458 rustico·
893 2409 1002 2460 Mnus.
1035 2409 1087 2459 'et
1105 2408 1139 2458 ad
1154 2424 1246 2459 necem
1268 2411 1424 2472 postulatos.

324 2506 391 2555 ratu,
407 2490 454 2541 sed
472 2490 566 2540 ciuium
586 2490 767 2551 Romanorum,
789 2486 857 2551 eJ'us·
893 2485 1038 2537 Quodsane
1047 2485 1329 2537 atrocissimum-Tales
1337 2486 1426 2536 Publii

323 2568 394 2618 modi
405 2566 541 2617 sententias
552 2564 725 2629 pertinerent,
735 2561 799 2627 quid
818 2576 859 2610 re·
893 2560 966 2611 Certi
974 2576 1064 2611 manus
1075 2562 1103 2611 in
1114 2561 1264 2611 Helvidium
1281 2558 1363 2611 suere.
1379 2558 1423 2615 De

324 2641 438 2707 terebat,
448 2659 481 2695 an
491 2645 561 2695 intra
572 2639 668 2702 uillam,
687 2654 720 2687 an
732 2639 759 2687 iu
770 2637 857 2689 medio
893 2651 945 2701 quo
953 2636 1054 2686 Plinius
1061 2638 1112 2700 Ep.
1125 2649 1165 2686 rx.
1175 2640 1215 2687 1s.
1237 2636 1246 2664 ⁴
1258 2635 1332 2686 Inter
1343 2636 1424 2686 multa

324 2717 382 2770 loro
393 2722 453 2771 lata
465 2719 569 2769 essenti
602 2716 670 2765 Item
680 2730 729 2779 pro
737 2730 768 2765 eo
779 2728 856 2764 sauss
893 2714 993 2766 seelera
1002 2714 1142 2764 multorum
1152 2714 1249 2763 nullum
1264 2712 1377 2763 atrocius
1388 2712 1424 2763 ri·

323 2810 375 2847 nun
390 2795 523 2858 convenit,
533 2792 793 2858 antemiusingulari
810 2807 857 2841 nu·
892 2788 1013 2852 debatur,
1025 2804 1101 2854 qnam
1111 2789 1181 2855 quot
1198 2791 1225 2840 iu
1237 2790 1335 2840 Senatu
1344 2789 1425 2839 Sena·-

324 2886 411 2923 meru:
428 2884 514 2935 neque
533 2870 651 2932 dixisset,
666 2868 793 2933 strepebat,
810 2869 857 2917 im·
893 2871 935 2913 tor
955 2865 1084 2930 senatori,
1111 2865 1254 2915 Pretorius
1276 2865 1423 2927 Consulapi,

323 2944 661 3009 mopotlua,seeosstiaabut.
693 2946 776 2995 Recte
793 2960 856 3008 ergo
893 2955 938 2990 reo
952 2942 1036 3005 judex
1054 2957 1146 2992 manus
1164 2942 1313 2993 intulisset!
1346 2940 1426 2995 Quod

324 3021 358 3073 ad
369 3020 484 3071 auctoris
494 3026 607 3070 mentem
620 3021 721 3071 ridetur
737 3021 856 3071 emenda·
892 3030 909 3067 a
920 3017 959 3066 ci
969 3018 1146 3081 Berueggero,
1153 3031 1229 3081 quem
1237 3032 1321 3081 nuper
1329 3030 1424 3082 magua

324 3102 390 3159 tuns,
401 3096 466 3147 salla
475 3096 601 3147 muntia
630 3097 697 3145 Nam
704 3095 818 3160 Tacitus,
826 3104 856 3148 ut
892 3108 950 3143 cum
961 3100 1050 3144 nostro
1060 3102 1088 3143 et
1097 3093 1339 3143 lsouorumousulem
1350 3094 1425 3143 luctu

324 3172 451 3237 exemplis
467 3170 614 3234 confirmet,
631 3170 733 3221 felicem
746 3170 855 3237 Agrico·
893 3170 1037 3219 excessisse
1058 3167 1234 3232 intelligimus,
1253 3168 1372 3231 apposite
1389 3158 1424 3217 au

323 3246 376 3297 lam
389 3246 492 3307 obiisse,
504 3247 619 3295 ostendit
629 3262 660 3295 eo
671 3252 788 3310 tempore
800 3251 855 3298 nul·
892 3244 1054 3294 hunclocnrn
1066 3243 1239 3294 observatum.
1255 3242 1380 3293 Boxiurs.

324 3319 441 3376 lamfere
450 3320 590 3370 Domitiani
600 3320 724 3370 sevitiam
733 3320 857 3371 auditam.
925 3319 1041 3380 Maurici,
1048 3318 1187 3380 Rusticique
1198 3318 1271 3382 unua]
1288 3318 1425 3382 Scriptura

324 3396 391 3447 Ideo
413 3396 461 3460 ait,
477 3396 573 3446 carrum
591 3396 712 3459 Melitam,
730 3396 858 3459 pernicio·
893 3392 964 3456 apud
982 3407 1023 3441 me
1034 3392 1095 3441 fidei
1107 3390 1194 3443 fluxa.
1227 3392 1287 3444 Quo
1303 3394 1375 3443 enim
1393 3394 1424 3443 il·

324 3474 453 3528 tissimum
482 3486 543 3523 mox
570 3477 758 3535 accusatorem,
779 3486 857 3523 unum
893 3465 1036 3531 lumniam?
1064 3468 1422 3519 Necmelinstameurideo:

323 3557 427 3608 'tantum
445 3564 516 3601 reum
528 3556 590 3600 tune
609 3549 784 3614 oppressisse:
802 3550 858 3599 Ad·
893 3551 940 3595 uu
960 3546 1046 3610 potius
1066 3548 1093 3595 iu
1111 3546 1274 3597 sentemiolu
1290 3546 1340 3594 isac
1359 3545 1424 3594 nihii

324 3628 376 3682 huo
395 3627 464 3677 iutra
481 3640 567 3676 arcent
585 3623 723 3687 Albanam,
739 3626 858 3690 quoDo-
893 3622 979 3672 video.
1012 3622 1069 3671 Viri
1088 3623 1139 3686 ipsi
1161 3622 1223 3671 milri
1248 3621 1378 3670 notiores:
1407 3634 1423 3669 e

324 3703 448 3757 mitiauus
458 3702 598 3767 sepissime
609 3714 637 3751 se
648 3700 759 3764 recepit,
770 3715 801 3750 ac
811 3714 858 3750 sre-
894 3698 986 3762 quibus
996 3697 1138 3760 Mandant,
1154 3697 1247 3749 Juuius
1265 3702 1307 3744 est
1324 3694 1425 3745 Manri-

324 3794 358 3831 ra
369 3780 450 3829 multa
460 3778 619 3828 machinatus
634 3782 683 3840 est,
694 3776 790 3827 nullam
801 3789 859 3825 san·
893 3776 966 3837 ous,‘
979 3788 1029 3839 quo
1038 3774 1095 3824 siro
1106 3772 1167 3823 nihil
1177 3770 1285 3831 firmius,
1295 3770 1359 3819 nilril
1370 3782 1423 3819 me·

324 3852 706 3913 tentiamaileasalinulatam
717 3857 746 3901 at
765 3856 858 3915 postea
893 3849 960 3912 lius,'
975 3852 1014 3901 ait
1029 3849 1131 3899 Plinius
1149 3850 1167 3900 l.
1185 3862 1225 3899 ιι.
1243 3848 1423 3911 epistularum

324 3932 437 3983 multas:
463 3931 551 3995 Atque
567 3930 651 3992 ipsum
670 3928 785 3977 Massam
806 3926 857 3979 Be·
893 3928 960 3977 Eum
977 3926 1161 3976 aDomitiauo
1180 3926 1209 3974 in
1226 3923 1345 3975 exsilium
1366 3922 1423 3986 pui-

324 4004 404 4063 ntum,
414 4005 458 4072 qui
469 4006 538 4055 inter
548 4004 686 4055 acerrimos
694 4009 857 4054 accusatores
893 3999 1059 4061 sum,redisse
1067 4000 1217 4064 principatu
1226 3999 1308 4063 primo
1316 3998 1424 4058 Nervae,

325 4090 523 4135 connumeratus
546 4090 599 4147 est,
621 4089 683 4133 tunc
709 4080 778 4131 iuter
800 4095 857 4131 reos
893 4077 997 4127 docebit
1008 4084 1035 4127 te
1056 4076 1125 4125 idem
1144 4077 1162 4125 1.
1172 4091 1194 4126 r.
1206 4076 1314 4139 epistola
1326 4080 1351 4125 a.
1384 4073 1424 4125 At

324 4158 412 4210 fnisse.
445 4158 532 4225 liujus
550 4158 627 4209 Bebii
643 4158 738 4208 Massa
757 4157 858 4207 mentio
892 4152 1028 4205 Rusticum
1039 4152 1116 4213 huuc,
1126 4148 1203 4201 διο)
1218 4151 1324 4215 Lipsiae.

325 4230 627 4302 neumnensium
652 4233 725 4286 lutra
739 4231 857 4283 Albana
924 4226 977 4279 Nat
987 4225 1230 4297 Muarioirastioipae
1238 4224 1313 4291 tuat]
1328 4222 1422 4279 Jualu
