3200 4917
301 378 393 450 4⁴OE
663 399 694 448 r.
720 397 832 446 nresrr
857 396 1057 447 excursus

303 545 400 596 demin
411 541 544 594 ordinibus
554 542 652 593 incolss
663 555 742 591 nosos
752 539 876 589 induitoe'
887 553 940 589 sun
951 540 1053 589 civitati
1061 538 1095 589 sb
1104 539 1190 603 impp.
1202 539 1302 590 scribit.
1328 539 1404 590 Alius
1415 587 1418 592 .

302 625 401 674 Orator
412 625 442 672 ln
455 622 616 687 Panegyrico
634 621 668 671 ad
678 621 866 670 Maximinum:
883 619 1001 670 ‘Cirites
1017 619 1172 681 Edonum:
1192 607 1418 689 iuquitstexbne.

300 706 461 756 Britannice.
474 704 600 754 facultate
612 702 730 752 victorie
750 701 882 764 plurimos,
893 701 985 764 quibus
1001 700 1052 749 illae
1064 701 1202 763 provincie
1215 699 1404 759 redundabant,
1417 745 1419 750 .

301 785 544 853 aceepttutifices!
578 785 671 834 Nonne
689 784 778 832 eadem
798 784 832 832 de
850 798 879 831 re
900 784 985 846 pelam
1004 789 1082 846 utque
1103 781 1166 830 urbe
1186 781 1343 845 loquuntur?
1369 782 1417 830 Et.

295 871 362 937 quid
373 868 453 918 serbe
468 865 552 914 facio?
569 865 645 914 citius
662 864 707 927 pili
725 869 867 912 nuscantur
878 863 903 911 in
919 863 966 911 buc
982 876 1071 910 munus
1090 861 1155 924 vole,
1165 875 1240 927 quem
1253 862 1339 926 opinio
1348 867 1402 927 tus,

299 949 388 1015 Pigbi,
407 950 433 998 iu
452 961 509 996 meu
526 955 630 996 mente:
657 944 734 994 exiis
753 942 865 1008 quidem,
877 957 935 1007 que
955 941 1037 991 etlhuc
1048 943 1146 992 dixisti.
1181 944 1246 992 Nsrn
1255 941 1368 991 firmiore
1379 941 1402 990 si

300 1031 406 1082 ndt'ersz
423 1029 501 1078 facile
518 1041 568 1090 ego
586 1025 701 1075 Plancus
718 1032 763 1074 sut
779 1024 902 1086 Deillius,
913 1038 962 1073 uec
973 1023 1093 1072 rnorsbor
1105 1021 1240 1086 treusl'ngil
1250 1021 1402 1087 (dnmmodo

298 1114 327 1163 ln
335 1111 461 1162 Veritatis
480 1107 579 1169 cestre)
589 1107 666 1156 ullssu
679 1112 774 1155 notam.
809 1104 875 1154 lisee
896 1103 1004 1153 candide
1016 1117 1032 1152 s
1042 1118 1083 1153 nse
1099 1105 1213 1168 scripte:
1231 1107 1306 1154 homo
1316 1102 1403 1152 mndi-

300 1193 411 1256 mulne,
421 1191 477 1240 siue
490 1189 542 1238 ulle
552 1187 645 1237 t'rontis
655 1185 792 1248 nubecuis,
802 1186 839 1235 sic
850 1187 930 1250 leges.

836 1379 860 1428 1.

331 1509 399 1560 cnr.
416 1512 457 1558 tt.
473 1509 574 1559 Seneca
591 1509 635 1558 De
656 1506 812 1566 lieneticlis:¹
837 1506 941 1556 ‘Video
962 1507 1070 1556 uniones
1091 1521 1144 1556 non
1163 1507 1274 1571 singulos
1295 1507 1399 1572 singulis

297 1590 402 1641 auribus
412 1597 588 1654 comparatos:
611 1588 678 1653 Onus
698 1589 765 1637 enirn
785 1588 936 1638 exercitate
952 1602 1035 1651 aures,
1046 1589 1116 1638 oneri
1126 1587 1233 1637 terendo
1244 1595 1303 1637 sunt
1312 1586 1331 1648 :)
1337 1591 1399 1652 jun.

296 1677 393 1735 guntur
403 1671 472 1720 inter
482 1685 519 1733 se,
529 1679 558 1720 et
568 1670 674 1732 iusuper
684 1669 727 1718 elii
738 1669 792 1718 bini
809 1677 989 1733 supponuntur
1006 1668 1096 1733 [torte,
1113 1668 1314 1733 mppnngestsr]
1339 1669 1398 1718 Non

296 1751 360 1800 setis
377 1748 509 1798 muliebris
524 1749 624 1798 insanin
646 1749 714 1798 viros
732 1748 888 1813 subjecerat,
905 1749 953 1798 nisi
974 1749 1034 1798 bins
1048 1764 1079 1800 sc
1098 1756 1174 1798 terne
1184 1749 1337 1813 putrimonie
1347 1748 1398 1798 siu·

296 1830 363 1892 gulis
389 1829 492 1878 enrilsus
522 1827 727 1892 pependissent.'
767 1829 875 1879 l'ertull.
901 1835 987 1890 sente,
1012 1830 1056 1880 De
1077 1829 1168 1878 lesbitu
1194 1830 1255 1878 runi.
1289 1829 1399 1879 ‘Greci-

296 1911 334 1958 les
354 1911 453 1959 sunum
471 1914 545 1959 cutes
562 1907 742 1959 Calendarium
760 1909 958 1971 expendentes
973 1910 999 1959 in
1017 1909 1120 1959 sinistra
1132 1923 1180 1972 per
1201 1908 1314 1972 singulos
1333 1908 1412 1972 elige.

295 1995 335 2039 tos
367 1988 450 2038 saccis
477 1988 584 2052 singulis
605 1987 690 2038 tuuis!
733 1987 896 2052 Augustinus
917 1987 965 2038 boc
988 1989 1099 2052 emplius
1119 1987 1246 2052 queritur,
1269 2003 1315 2037 suo
1340 2001 1397 2038 nro

295 2070 419 2119 insanisse
431 2068 456 2117 iu
467 2069 536 2132 turpi
555 2068 606 2118 isto
617 2070 718 2118 sunum
729 2069 802 2119 cuitu
813 2067 899 2118 'etism
911 2069 997 2118 viros:
1014 2081 1090 2132 quesn
1108 2068 1178 2130 vide,
1188 2069 1209 2118 si
1220 2067 1302 2131 lubet,
1314 2069 1398 2133 Epist.

296 2162 410 2200 sxxxrr.
444 2151 509 2198 Eum
528 2149 732 2198 temnentem
751 2145 851 2198 referre
870 2147 973 2212 quidum
993 2150 1119 2199 conentur
1135 2148 1169 2198 sd
1180 2163 1264 2198 sevum
1275 2149 1397 2212 priscum,

293 2245 328 2278 ex
347 2227 444 2277 Valerii
463 2227 549 2276 serbis
567 2228 585 2275 Ι.
605 2240 633 2276 s.
650 2242 675 2277 c.
691 2232 716 2276 ².
736 2227 770 2277 de
789 2227 887 2277 Martio
913 2235 1021 2277 exorsto
1040 2227 1189 2279 uteminis:
1216 2228 1269 2279 tiu
1288 2243 1397 2292 querum

294 2309 426 2372 bonorem,
443 2307 555 2356 Senatus
573 2313 747 2358 metronerum
768 2306 886 2357 ordinem
906 2307 1093 2370 benignissimis
1117 2307 1229 2358 decretis
1251 2307 1396 2359 edomerlt.

294 2387 556 2453 Sensitnarnqueuti
574 2387 676 2437 feminis
686 2388 779 2437 semite
789 2387 838 2437 siri
857 2387 991 2448 cederent,
1008 2385 1139 2438 confessus
1151 2390 1208 2453 plns
1227 2389 1315 2438 salutis
1327 2387 1395 2452 reip.

293 2471 321 2520 in
332 2469 407 2532 stols,
418 2483 494 2533 quern
503 2469 530 2517 in
540 2467 619 2517 snnis
634 2467 729 2517 fnisse:
753 2468 915 2532 uetustisque
935 2465 1034 2516 surium
1051 2467 1193 2532 insignibus
1213 2481 1308 2518 novum
1318 2469 1393 2518 vittae

293 2549 430 2600 discrimen
437 2549 535 2613 adjecit
543 2549 561 2599 ε’
571 2549 762 2612 leguntenirn,‘
771 2549 899 2598 inaurium
906 2548 1064 2612 insignibus!
1075 2549 1134 2598 Non
1144 2549 1241 2612 probo:
1251 2555 1279 2598 et
1287 2548 1396 2600 t‘ortssse

293 2643 343 2679 nec
354 2629 536 2694 notequldenr
547 2635 608 2679 tune
623 2629 709 2679 lteliee
728 2641 845 2692 gmme.
878 2628 1039 2693 Scripserlm,
1055 2629 1199 2692 numisque
1209 2629 1396 2691 eumerus-

292 2707 383 2760 atbssl
409 2710 528 2760 Crinibus
542 2710 611 2759 enirn
622 2710 759 2774 posituque
777 2723 919 2772 cumarum,
938 2705 1062 2758 lustrense
1073 2709 1215 2772 antiquitus
1227 2707 1349 2760 discrete
1361 2708 1394 2758 sb

292 2791 418 2854 innuptis.
449 2791 631 2854 Tertullianus,
640 2791 674 2841 de
692 2790 843 2855 Virginibus
861 2789 977 2840 velandis
988 2805 995 2838 :
1021 2789 1172 2853 ‘Simulque
1183 2803 1212 2839 se
1224 2789 1344 2838 murlieres
1356 2789 1396 2839 lu·

292 2871 459 2932 telleserunt,
469 2875 574 2919 vertunt
583 2869 716 2933 capillum,
728 2878 815 2920 etacu
828 2871 964 2920 lasciviore
975 2883 1073 2920 comam
1085 2869 1133 2919 sibi
1145 2867 1270 2930 inierunt,
1280 2868 1394 2918 crinibus

292 2949 406 3001 ntronte
416 2949 504 3000 divisis
515 2957 632 3014 opertam
643 2949 766 3015 professe
786 2951 988 3002 mulieritatem:
1000 2971 1002 2980 ⁴
1020 2950 1130 3000 Plautus
1146 2950 1249 3001 billite:
1276 2949 1393 3013 ‘Utique

292 3045 349 3082 essu
359 3037 476 3082 ornatam
493 3031 607 3082 adducas
626 3037 800 3082 msunnsrnm
814 3031 900 3094 modo,
918 3032 1012 3097 capite
1024 3038 1138 3096 compto,
1157 3031 1250 3093 onnes,
1262 3029 1393 3094 vittasque

290 3111 404 3163 hebeat!
420 3111 599 3161 Mostellaria:
616 3110 687 3162 ‘Soli
698 3112 842 3176 gerundum
851 3127 949 3162 morem
959 3126 1061 3170 censeo,
1078 3120 1107 3162 et
1125 3111 1266 3177 capiundas
1280 3112 1365 3162 crines
1376 3111 1394 3162 :'

290 3192 319 3242 id
334 3199 384 3255 eet,
394 3192 550 3243 nubendum.
583 3191 693 3243 Festus:
718 3192 813 3243 ‘Senis
831 3192 944 3244 crinibus
955 3192 1082 3242 nubentes
1099 3199 1232 3256 ornentur,
1248 3192 1333 3257 quoti,i
1343 3197 1393 3244 tlte.

289 3271 365 3321 Senis
386 3271 507 3332 crinibus,
529 3272 556 3320 ld
574 3281 624 3332 est,
641 3287 688 3322 sea
706 3273 815 3323 crinium
837 3273 952 3336 orbibus,
970 3273 1024 3323 sire
1052 3273 1139 3322 sertis.
1181 3272 1293 3334 Implexl
1313 3274 1395 3337 igitur

291 3349 379 3414 cspiiil
390 3350 556 3411 matronales,
566 3356 597 3399 ut
605 3352 753 3414 exemplum
764 3358 856 3416 petere
869 3353 934 3401 licet
944 3367 961 3400 e
971 3352 1064 3401 statuis
1074 3351 1249 3414 numinisque:
1266 3352 1392 3416 virginum
1404 3371 1408 3380 ’

292 3442 492 3497 puerorumque,
502 3430 573 3492 cirri,
583 3437 612 3480 et
622 3431 745 3480 cincinni.
765 3430 929 3480 ¹Anamiauus
941 3429 986 3480 lib.
1001 3442 1059 3480 xlv.
1091 3431 1099 3458 ‘
1111 3431 1146 3480 Et
1157 3431 1219 3480 licet
1231 3433 1405 3496 quocumque

291 3511 379 3562 oculos
398 3507 511 3570 flexeris,
528 3507 639 3560 feminas
653 3507 751 3560 stl'stlm
770 3512 865 3562 multus
886 3517 1007 3575 specture
1018 3510 1139 3572 cirretes3
1156 3510 1248 3575 quibus
1260 3511 1281 3562 sl
1293 3513 1393 3575 nupsis-

291 3597 360 3655 sent,
370 3604 418 3656 per
427 3596 533 3640 etstem
544 3596 584 3640 ter
590 3592 645 3654 juna
656 3591 730 3643 nixus
738 3599 844 3658 poteret
850 3598 991 3656 suppetere
1001 3590 1158 3642 liberorum!
1179 3591 1391 3656 Girumu-capio

289 3670 430 3734 innuptus:
447 3671 485 3720 uti
504 3671 610 3722 Persius
620 3673 712 3723 eodem
731 3673 848 3738 epitheto
867 3672 900 3722 de
911 3673 1005 3736 pueris,
1016 3673 1024 3701 ‘
1037 3672 1102 3722 'len'
1120 3673 1273 3723 cirratorum
1285 3679 1390 3722 centurn

291 3748 389 3803 dictate
400 3751 497 3802 tuisse!
529 3753 628 3804 Veleril
638 3768 701 3818 ergo
717 3767 799 3816 mens,
809 3741 907 3817 preter
917 3753 1025 3804 crinium
1035 3753 1179 3816 discrimen,
1190 3753 1318 3816 sdjecteur
1338 3752 1390 3802 illis

235 3829 242 3836 ’
290 3833 549 3884 etelsersssritteus.
582 3833 683 3900 Deque
701 3834 834 3899 Cepellsm
846 3835 946 3900 scclplo
957 3835 1002 3886 llb.
1012 3849 1031 3885 r.
1042 3834 1076 3884 de
1088 3841 1162 3898 nupt.
1174 3833 1269 3884 Philet.
1300 3833 1390 3885 ‘ano

290 3925 391 3977 quoque
402 3926 435 3961 ea
446 3913 605 3977 purgatioris
614 3914 669 3964 suri
680 3913 835 3976 splendente
847 3927 912 3964 rens
922 3913 1059 3964 eddiderst
1070 3913 1183 3963 crinibus
1195 3913 1290 3964 soclsle
1299 3913 1389 3964 sinen·

289 3983 361 4041 lent
377 3991 500 4055 Propert.
517 3993 628 4044 ‘vineit
638 3999 795 4058 etsoceptas
805 3995 889 4045 altere
899 3993 966 4043 sltts
976 3993 1079 4043 comest
1102 3992 1154 4042 Ubi
1165 3991 1217 4055 legi
1228 3993 1253 4042 ln
1263 3997 1316 4042 set.
1329 3993 1399 4043 cod:

287 4085 408 4134 asperum
422 4078 450 4122 et
461 4074 565 4137 placet:
583 4074 719 4140 referoque
730 4075 762 4125 ad
773 4075 949 4141 aspersionem
961 4089 1035 4140 sque
1054 4074 1152 4139 nuptiis
1172 4074 1312 4124 soleuuen.
1344 4073 1402 4126 De.

288 4165 341 4216 que
351 4137 436 4201 idern:
462 4153 517 4202 ‘lit
527 4153 619 4219 stygio
634 4169 690 4204 sum
708 4169 797 4218 spsrse
816 4157 885 4219 lecu,
905 4167 954 4203 nec
971 4159 1045 4205 reeta
1062 4153 1161 4217 cupillis
1171 4152 1245 4202 Vitta
1255 4153 1317 4204 deta
1326 4151 1388 4204 αι’

288 4231 341 4284 seu
353 4231 431 4282 redeo
443 4233 476 4283 sd
487 4241 612 4286 nostram.
