3200 4917
494 597 974 648 aecaaauscoaemuaeio.
1130 641 1134 650 ,
1189 579 1275 646 eccl

227 743 281 808 Ex
294 745 359 819 his,
374 744 552 808 levioribus
565 741 710 827 quidem,
725 745 913 821 conatibuS,
930 743 972 808 ad
987 743 1082 808 finem
1097 763 1186 808 nunc
1200 763 1276 828 per·

183 846 305 924 ductis,
326 847 454 929 patebit
474 846 605 923 lectori,
624 845 737 910 Taciti
750 866 863 929 opera,
883 867 950 930 quc
963 847 1073 910 minus
1096 847 1158 910 sub
1183 847 1278 910 initia

183 948 287 1013 artem
302 949 573 1032 typographicam
587 949 803 1024 exercuerint,
826 967 866 1010 ee
885 949 991 1030 magis
1004 967 1064 1030 per
1078 967 1181 1012 annos
1196 967 1277 1031 pce·

183 1051 329 1126 acriores,
344 1070 480 1114 numew
493 1057 526 1114 ct
540 1051 652 1132 vigore
666 1055 861 1130 crescentiae,
877 1071 951 1114 eam
966 1049 1182 1129 exercuiacc;
1206 1069 1277 1114 cm·

184 1152 275 1216 nium
291 1151 438 1233 Operum
452 1150 613 1215 editiones
627 1171 812 1234 essequam
824 1152 992 1236 plurimas,
1006 1149 1153 1235 operum
1166 1150 1277 1216 Mino·

185 1273 255 1318 rum
265 1253 444 1330 abundare,
455 1260 488 1319 et
499 1254 645 1318 Libellos
659 1254 701 1318 de
716 1254 894 1319 Germania
907 1273 1055 1318 seersum
1066 1252 1182 1331 editos,
1192 1273 1278 1338 prae·

184 1357 296 1419 sertim
323 1356 413 1439 apud
442 1355 637 1434 Germanos,
668 1376 805 1420 numere
832 1377 907 1420 esse
930 1358 1024 1431 miro,
1050 1357 1121 1420 sive
1148 1361 1279 1422 textam

187 1457 356 1533 Latinum,
379 1459 451 1523 sive
464 1459 500 1522 in
513 1458 644 1540 linguas
667 1458 814 1522 diversas
839 1459 1080 1533 convenience,
1104 1458 1176 1521 sive
1199 1457 1279 1523 Dis·

186 1579 315 1638 curcua
359 1558 632 1636 Commentarios,
673 1565 707 1623 et
746 1559 998 1637 Annotaticncc,
1034 1560 1278 1643 contempleris.

187 1660 313 1726 Caveat
327 1681 414 1739 vero,
436 1681 623 1745 precamur,
643 1663 746 1726 lector
767 1661 885 1748 (immo
910 1662 1008 1726 nobis
1030 1681 1097 1726 non
1117 1662 1281 1745 precanti·

187 1766 250 1830 bus
266 1762 412 1848 cavebit)
432 1785 474 1829 nc
488 1771 582 1849 putet
594 1784 659 1831 nes
673 1767 794 1844 emnia,
808 1785 884 1849 quae
898 1767 940 1830 de
953 1766 1063 1830 Taciti
1076 1765 1280 1832 editionibus

185 1867 328 1932 dicentia
350 1873 471 1944 essent,
493 1867 644 1932 dixisse-⁸
684 1866 794 1932 Multa
816 1868 1035 1952 proculdubio
1058 1873 1182 1934 astant
1203 1883 1280 1952 quat

187 1987 245 2052 per
256 1989 377 2034 manus
391 1975 522 2034 nestrae
536 1971 798 2048 maclarum
821 1975 857 2034 ut
876 1989 940 2054 pre
961 1977 1051 2033 certo
1067 1989 1164 2052 quam
1179 1967 1282 2052 pluri·

189 2089 245 2134 ma
262 2090 321 2154 per
346 2069 598 2153 Bipcntinerum
621 2071 911 2135 transvolaverant.
957 2069 1010 2135 De
1034 2067 1282 2135 nissemfioni-

189 2172 258 2234 bue
271 2177 307 2235 et
320 2167 603 2235 metationibus
614 2189 762 2235 seersum
771 2170 871 2234 editis
886 2172 980 2254 plura
994 2171 1106 2236 forsan
1119 2169 1282 2253 protrusi·

189 2291 267 2337 mus
281 2291 381 2354 quam
395 2291 472 2356 quae
487 2274 592 2338 nestri
606 2265 835 2338 essentcfficii.
873 2272 947 2337 Nec
962 2291 1098 2338 necesse
1107 2278 1160 2338 cst
1172 2272 1282 2338 dicere

187 2375 292 2440 multa
314 2375 543 2460 hujuscemodi
570 2396 632 2442 nee
659 2376 831 2460 effugisse:
868 2377 968 2442 imme
993 2395 1105 2461 pauca
1128 2375 1284 2459 quiedam

188 2477 282 2560 nigra
293 2482 374 2542 nota
387 2495 409 2540 a
420 2477 503 2541 viris
517 2477 625 2544 doctis
643 2479 781 2561 signata,
803 2483 836 2542 ct
857 2478 979 2543 nestris
993 2477 1100 2543 oculis
1124 2495 1190 2541 nen
1204 2476 1284 2541 sub·

184 2575 290 2663 jecta,
311 2597 378 2642 nen
395 2577 466 2642 sine
480 2580 635 2660 consilio,
658 2581 808 2659 fatemur,
830 2581 1112 2665 praetermisimus,
