3200 4917
295 414 385 485 4452
652 426 681 477 r.
704 424 820 475 nrrsn
844 424 1040 475 ucuusua

295 572 447 621 manerent:
465 566 583 633 aquilina
593 564 655 629 dno,
665 582 737 619 more
749 568 847 631 priaco,
861 567 905 630 jur
923 563 1058 616 dicerent:
1076 564 1169 630 reliqui
1181 569 1305 629 quattuor
1316 562 1400 628 publi·

296 650 335 699 cia
341 648 448 713 judiciis
460 655 603 713 praeeaaeut
614 662 620 695 :
645 647 724 697 tidem
736 661 825 696 umnea
837 653 931 695 exacto
942 660 1018 709 auno,
1029 645 1098 695 aorte
1109 646 1135 693 in
1148 644 1295 708 provinciae
1305 651 1401 706 praeto·

298 729 348 779 rina
359 728 535 776 mitterentur.
578 726 713 775 Cornelius
724 724 819 775 deinde
830 724 901 774 Sulla
912 725 1032 774 Dictator
1044 727 1117 774 auxit
1128 726 1306 777 (tricationum
1317 722 1401 787 pubii-

297 822 384 857 earum
396 822 545 857 numerum:
564 807 712 871 pariterque
722 806 869 855 Praeturum
882 821 889 865 ;
906 820 956 855 non
970 814 1056 855 tamen
1069 813 1185 868 eatenus,
1196 811 1225 854 ut
1236 810 1299 869 quot
1310 804 1401 855 Quea-

298 876 486 949 tioueaecaent,
503 886 611 938 totidem
632 889 776 937 Praetorea:
802 885 885 951 (errat
897 886 1005 948 largiter
1015 886 1183 949 Pomponius,
1194 885 1238 949 qui
1256 884 1284 932 id
1300 885 1401 947 aenait;

297 969 358 1033 quia
370 968 457 1031 piures
469 982 541 1031 ampo
559 966 721 1019 Queatiunea
739 966 809 1029 apud
829 964 949 1016 eumdem
967 966 1113 1015 Praetoreru
1129 966 1256 1014 exercitus
1267 971 1371 1013 constat
1382 962 1402 1023 :)

297 1048 343 1098 aed
355 1048 381 1096 in
393 1047 537 1096 uuiversum
549 1045 650 1099 addidit
661 1044 734 1095 duos.
767 1044 872 1095 Itanon
885 1046 973 1108 piures
989 1053 1048 1094 octo
1065 1046 1197 1094 Praetorea
1216 1045 1249 1094 ad
1267 1044 1399 1094 Cicerouia

297 1142 398 1187 aarum:
422 1126 500 1193 idque
512 1141 546 1176 en
554 1127 632 1175 variis
643 1126 700 1189 ejna
711 1126 814 1188 scriptia
825 1126 938 1175 ciorum:
963 1117 1014 1175 nou
1026 1126 1162 1188 decem,ut
1175 1126 1255 1175 uoluit
1266 1126 1400 1177 Juriaeon-

296 1208 387 1257 auitua.
420 1204 555 1269 Oppreaaa
565 1220 625 1254 mox
637 1219 693 1269 rep.
705 1206 735 1254 C.
748 1202 837 1253 Caeaar
852 1202 967 1254 dictator
985 1205 1083 1268 primus
1101 1206 1215 1256 instituit
1235 1206 1334 1269 decern,
1348 1220 1399 1270 quo

296 1286 412 1352 pluribus
433 1284 560 1335 beliorum
580 1283 657 1333 aoeiia
676 1285 797 1333 irouorenr
817 1297 876 1333 eum
896 1282 1095 1347 gratificaretur.
1136 1282 1400 1335 Diolib.xn11.'1va

296 1364 391 1417 πλείους
402 1364 477 1413 αὐτῶν
493 1364 682 1427 [σονογοονιστῶν
692 1364 827 1428 intellego]
838 1362 971 1429 ἀμείψηται,
987 1363 1134 1429 στρατηγούς
1144 1384 1172 1414 τε
1180 1363 1237 1415 δέκα
1247 1366 1271 1415 ἐς
1289 1365 1319 1414 τὸ
1334 1365 1400 1415 tritu

296 1446 349 1497 ἔτος
358 1446 482 1507 noenu,
493 1444 532 1494 nai
543 1442 617 1509 ispius
625 1434 682 1508 irlp
692 1443 720 1493 τὸ
729 1443 907 1507 νενομισμένοις
925 1447 968 1510 qui
982 1446 1153 1510 Pomponium
1165 1445 1261 1495 refellit
1271 1446 1401 1501 disertirn.

296 1527 348 1577 Sed
361 1540 410 1575 nce
429 1526 456 1574 iu
476 1540 507 1574 eo
520 1540 626 1575 nurnero
637 1526 711 1575 sterit
723 1527 819 1590 Caeanr,
829 1525 980 1589 creavitque
992 1526 1094 1576 biennio
1105 1535 1173 1590 post,
1184 1540 1243 1575 xiv.
1254 1527 1400 1593 iterumque

297 1620 364 1656 anuo
375 1612 435 1669 pout
447 1618 516 1665 nvn,
528 1604 614 1670 idque,
623 1613 652 1654 ut
663 1605 716 1655 Dio
727 1605 795 1655 idem
815 1606 860 1667 ait,
870 1606 896 1655 in
915 1606 1009 1656 multos
1027 1621 1117 1656 auuoa.
1151 1605 1187 1654 dt
1197 1604 1330 1669 Augusta·
1341 1623 1398 1673 rep.

296 1694 325 1735 et
336 1686 444 1749 imperio
455 1685 563 1749 potitur,
573 1684 671 1750 pariter
689 1684 789 1734 varium
809 1700 837 1734 ae
855 1685 883 1733 iu
899 1685 947 1734 nac
964 1686 1098 1735 creatione
1116 1685 1207 1751 gemit.
1238 1684 1316 1735 Anno
1327 1688 1400 1739 urbia

297 1765 538 1816 »ceraunium
551 1764 725 1815 Caeuuriauum
744 1779 889 1829 numerum,
906 1765 1067 1829 retraxitque
1086 1766 1119 1813 ud
1139 1766 1238 1815 decem.
1271 1766 1324 1817 Dio
1335 1782 1398 1818 crrr.

296 1844 376 1895 Ταῦτά
385 1864 412 1895 τε
422 1845 495 1895 ollrur
512 1846 525 1894 d
542 1846 678 1907 Amemus
696 1846 801 1909 εποιὴσε,
811 1845 851 1894 aral
861 1844 1009 1909 στρατηγοὺς
1018 1843 1083 1908 δέκα,
1098 1846 1129 1895 ὡς
1145 1844 1213 1894 οὐδὲν
1230 1844 1265 1895 ἔτι
1282 1846 1398 1899 πλείονα

296 1925 411 1991 δεόμενος,
420 1926 532 1991 ἀπέδειξε.
564 1928 694 1979 Velleius:
718 1928 878 1991 ‘Imperium
891 1926 1089 1990 magistratuum
1106 1925 1139 1975 ad
1158 1926 1296 1990 pristinum
1306 1930 1398 1980 redac-

296 2014 352 2060 tum
362 2006 483 2058 modum:
509 2007 687 2057 tantummodo
706 2014 767 2058 octo
786 2006 946 2056 Praetoribus
962 2006 1050 2055 allecti
1071 2006 1139 2056 duo!
1173 2005 1249 2055 Anno
1267 2021 1398 2061 ncccxrr.

295 2088 396 2139 crearit
406 2102 465 2143 xvr.
480 2094 587 2153 propter
608 2088 709 2139 turbam
724 2088 941 2152 competitorum:
968 2087 1006 2136 ita
1017 2092 1104 2135 tumen
1120 2085 1171 2152 (ait
1182 2087 1234 2137 Dio
1250 2087 1350 2154 l.r.r1.)
1367 2096 1399 2141 nt

296 2169 619 2233 portericribuudeiueepa
636 2169 724 2219 multia
735 2166 809 2219 annia
828 2181 880 2217 111.
898 2167 1032 2219 damnant
1051 2174 1163 2217 crearet.
1196 2167 1284 2232 Atque
1295 2169 1345 2218 lroc
1357 2176 1400 2219 cat

296 2247 366 2313 quod
378 2248 419 2298 hic
429 2248 536 2298 Tacituu
548 2249 580 2299 de
590 2248 748 2297 dirodaunrio
759 2262 867 2297 numeru
881 2248 979 2298 tradito
990 2248 1023 2297 ab
1032 2246 1150 2310 Augusto
1162 2247 1315 2298 aduenerat:
1339 2262 1401 2298 rere

297 2332 325 2377 ct
337 2333 419 2390 recte,
436 2326 458 2377 ai
475 2327 598 2391 respiciua
609 2328 730 2377 institute
740 2328 795 2392 eju:
806 2335 933 2377 extreme.
966 2328 1035 2377 Nan:
1051 2328 1085 2376 ad
1100 2328 1184 2391 prima
1200 2328 1298 2391 adjecit
1309 2329 1399 2381 oculor

296 2402 466 2471 Pomponiua,
477 2408 521 2472 qui
539 2422 596 2458 xvi.
607 2408 737 2459 Praetorea
752 2409 886 2459 contituit
896 2407 943 2458 aob
955 2407 1090 2473 linguato:
1107 2415 1134 2459 et
1142 2410 1168 2459 in
1179 2415 1297 2473 tempore
1307 2410 1398 2459 mitem

295 2493 376 2537 errat.
409 2487 447 2536 ut
464 2485 532 2551 quod
547 2486 796 2555 fl'ibcrionr‚jnraaae
806 2488 911 2539 Tacitus
923 2488 960 2537 nit
971 2503 1000 2537 ae
1010 2504 1143 2539 uumerurn
1155 2504 1268 2539 nuncu
1279 2503 1399 2539 axceaau·

296 2579 369 2615 rum:
386 2566 442 2631 quia
453 2564 577 2615 Pontifex
588 2568 703 2631 perjurio
713 2582 770 2617 euru
780 2568 881 2618 :olveti
897 2569 967 2619 Nem
975 2584 1023 2633 ego
1031 2568 1167 2620 mauiieato
1176 2570 1302 2620 homiuem
1312 2576 1399 2632 tenen,

296 2660 329 2695 ex
341 2644 432 2695 Dionia
445 2646 591 2695 testimonio
602 2647 620 2697 1.
632 2662 708 2699 uvrrr.
726 2649 770 2713 qui
787 2648 907 2699 adfirmat
916 2648 1056 2710 liberium,
1068 2666 1135 2700 anuo
1145 2649 1217 2700 urbia
1228 2663 1398 2701 nccoxxxrr.

295 2720 444 2787 quindecim
454 2726 584 2775 Praetorea
595 2739 705 2789 creusae,
713 2728 856 2793 additque:
881 2728 928 2777 Kal
943 2730 1014 2779 roim
1030 2730 1068 2779 dri
1082 2730 1165 2780 round
1173 2728 1216 2789 inq
1227 2729 1325 2791 συνέβη,
1335 2730 1399 2781 ὅστε

296 2800 349 2869 ἔστι
366 2802 664 2870 μὴδτεέεκσίδεκα,ἕστε
675 2809 694 2856 δ’
706 2806 747 2856 dra
758 2807 798 2857 καὶ
816 2810 869 2873 παρ’
880 2807 922 2860 dra
940 2810 957 2869 ἣ
972 2811 1013 2860 rrul
1026 2810 1067 2860 tto
1084 2814 1285 2876 χειροτονεῖσθαι
1309 2812 1399 2861 Etlen

296 2882 323 2932 iu
338 2885 418 2947 piaret
427 2900 500 2934 mauu
512 2885 616 2948 sactum,
627 2886 664 2937 itu
674 2892 702 2937 at
712 2888 832 2941 interdura
842 2891 951 2954 εοείοοίοε,
967 2894 1028 2943 oiim
1036 2909 1081 2943 arro
1091 2895 1221 2957 dataque
1236 2896 1292 2958 plna
1300 2897 1343 2942 net
1352 2892 1397 2940 Ιί-

295 2978 350 3025 οιοο,
359 2970 502 3015 crenreatnr.
536 2966 591 3016 Imo
600 2966 725 3017 Claudio:
736 2967 805 3034 Inup.
818 2971 881 3020 aliar
893 2984 952 3021 xrv.
965 2972 1027 3022 aliar
1037 2985 1118 3023 xrrrr.
1129 2973 1244 3035 crearit:
1266 2970 1398 3023 interdum

296 3043 382 3094 medio
393 3044 462 3095 inter
471 3046 517 3096 hoa
529 3059 646 3098 numero.
677 3046 746 3099 Vide
756 3049 877 3101 eumden:
888 3051 1021 3116 Grncnrn,
1030 3052 1048 3102 l.
1060 3064 1105 3103 nx.

828 3244 862 3294 E.

328 3360 393 3410 Cur.
406 3366 447 3411 1⁵.
479 3362 563 3413 Juliur
573 3362 663 3416 Caeanr
676 3366 722 3432 joa
739 3369 845 3419 creandi
856 3370 1025 3433 magistratu:
1036 3383 1087 3417 nou
1098 3373 1180 3417 totum
1192 3368 1315 3432 :populo
1326 3370 1397 3433 tulit,

296 3438 378 3490 cruda
388 3440 471 3491 adhue
483 3444 627 3495 corritute:
652 3446 698 3497 aed
710 3462 768 3498 cnm
779 3462 811 3498 eo
822 3439 920 3497 diuiait.
961 3448 1101 3497 Suetonio·
1111 3448 1174 3497 aad:
1184 3448 1265 3510 ctare,
1284 3462 1343 3514 cup.
1352 3454 1397 3501 ⁴1.

294 3519 306 3599 ‘¹
315 3519 427 3570 Comitia
436 3536 494 3572 oum
504 3525 599 3587 popule
609 3526 722 3588 partitur
733 3536 783 3591 eat,
794 3534 824 3577 nt
838 3526 956 3590 excepti:
967 3526 1115 3575 euuanlatna
1126 3527 1351 3593 conpetitoribua,
1361 3530 1396 3581 de

295 3605 386 3648 cetero
396 3613 504 3651 numero
514 3602 719 3668 candidatorum,
729 3621 775 3670 pru
794 3613 869 3668 parte
888 3604 1005 3667 dimidia,
1024 3620 1088 3669 quoa
1107 3608 1216 3670 populun
1232 3608 1322 3670 vellet,
1336 3625 1396 3675 pro·

295 3678 491 3731 nuntiarentur:
509 3682 619 3747 [justum
631 3685 791 3735 comitiorum
804 3684 910 3758 uerbum
922 3692 1002 3747 earet,
1012 3686 1232 3751 rurationem]
1257 3703 1304 3752 pro
1319 3696 1398 3754 parte

295 3758 389 3821 attera,
399 3774 462 3823 quoa
471 3760 527 3824 ipae
537 3762 662 3813 dedisset.
686 3764 798 3829 [Scribe,
816 3764 949 3833 euim]
973 3768 1009 3816 Et
1020 3766 1117 3817 edebat
1125 3782 1174 3831 per
1185 3769 1286 3819 libelloa
1297 3771 1397 3821 circum

296 3836 380 3887 tribua
390 3840 482 3890 minam
493 3843 621 3906 scriptura
633 3842 714 3906 brevi,
732 3844 821 3894 Caeaar
832 3844 955 3896 Dictator
975 3846 1012 3895 ilii
1031 3847 1121 3899 tribui.
1153 3846 1312 3897 Commendo
1324 3847 1396 3898 rubia

296 3916 369 3967 ilium
387 3928 415 3969 et
434 3920 515 3982 ilium,
536 3928 565 3971 nt
582 3929 670 3973 reatro
690 3920 812 3987 suffragio
831 3940 902 3975 aurern
921 3926 1074 3993 dignitatern
1093 3924 1218 3977 teneant!
1252 3926 1302 3977 Ubi
1315 3926 1398 3992 videa,

297 3994 451 4048 Consulibua
462 4002 589 4065 exceptis,
600 4002 627 4051 in
640 4009 783 4052 ceterorum
796 4002 918 4069 suffragia
937 4008 1037 4070 equale
1048 4008 1092 4071 jna
1110 4006 1223 4073 principi
1239 4005 1320 4057 suinae
1337 4023 1396 4059 curn

295 4076 381 4141 plebe.
415 4076 483 4128 Nam
495 4082 620 4130 Counriea
639 4080 752 4146 quidem,
765 4084 857 4133 :ouini
872 4086 974 4149 imperii
984 4088 1045 4136 olim
1058 4102 1160 4149 nornen,
1170 4095 1199 4138 et
1209 4092 1264 4153 ipae
1275 4093 1304 4137 et
1313 4086 1397 4138 acenti

297 4156 428 4223 principer
449 4170 618 4223 aepoauerunt
639 4156 747 4213 Sduatui
769 4164 879 4231 cibique.
923 4166 1055 4230 Augusto:
1083 4164 1176 4217 deinde
1201 4158 1397 4219 ‘comitiorum

219 4282 232 4305 0
295 4234 433 4303 priatinuru
448 4240 494 4307 jue
510 4240 602 4305 [verba
617 4240 734 4292 Suetonii
753 4252 824 4307 aunt,
841 4239 900 4309 cap.
910 4246 965 4313 tm]
982 4246 1103 4298 reduxit:
1129 4262 1159 4297 ac
1170 4246 1308 4313 multiplici
1319 4261 1397 4313 poenn
