3200 4917
317 345 407 414 4478
678 359 709 409 ι.
734 358 846 410 nrrsrr
872 348 1073 410 excursus

350 505 447 557 Cam
456 503 632 554 deintervallo
643 505 767 568 temporis
778 518 793 552 a
803 509 887 552 morte
899 502 1017 567 conjugis
1029 503 1070 551 rel
1080 497 1201 563 divortio,
1221 499 1255 552 ad
1272 499 1421 569 cosjrrgtarfa

316 601 419 636 norum.
452 585 546 648 Neque
557 584 624 633 caim
637 583 747 647 probata
757 582 834 634 Juliis
846 582 946 647 legibus
957 583 1137 646 monogamia:
1155 583 1201 632 sed
1215 583 1248 632 ud
1258 569 1422 636 matrimonia

318 665 444 729 compulsi
463 665 567 725 iterum,
578 663 659 726 vidui,
676 671 721 713 aut
737 663 875 727 disparati.
908 664 1100 726 Disereparuut
1119 663 1145 712 in
1169 670 1286 728 tempore
1303 666 1375 716 Julia
1395 673 1422 716 et

318 746 410 810 Papia.
443 746 511 795 Nom
529 751 560 795 ut
568 745 695 810 Ulpianus
706 751 780 794 notat
795 745 838 793 tir.
853 753 915 793 xlv.
949 743 1061 793 Feminis
1083 744 1126 792 lex
1138 743 1209 794 Julie
1231 758 1247 792 a
1266 752 1350 794 morte
1363 745 1421 810 riri,

318 829 380 878 anui
391 827 554 875 vacationem
566 824 674 874 tribuit:
692 840 708 872 s
722 823 846 884 divortio,
858 823 983 873 mensium
995 837 1050 873 sex.
1083 823 1120 873 At
1130 823 1215 887 Pupia
1226 823 1389 887 clementior,
1407 839 1423 875 a

316 912 402 956 morte
416 905 547 954 biennium
565 903 687 963 indulsit3
706 919 721 952 a
741 903 858 967 repudio,
869 919 962 953 suumn
981 911 1010 954 et
1026 917 1129 953 menses
1145 919 1200 954 sex.
1235 903 1267 953 lu
1287 905 1421 969 Suetonio,

316 986 464 1036 'l'rieuuium
475 986 563 1048 leges:
579 997 629 1033 neo
645 983 673 1032 id
687 990 713 1032 te
725 983 825 1033 turbet.
858 985 977 1034 Exsolvit
995 999 1053 1033 euru
1074 985 1168 1034 nodum
1186 984 1236 1033 Dio
1258 985 1284 1034 in
1304 987 1422 1038 oratione

316 1065 428 1131 Augusti
440 1065 473 1114 ad
484 1065 589 1116 celibes
601 1065 618 1115 l.
630 1077 684 1113 bvi.
702 1062 810 1112 aelami
822 1064 929 1114 terame
938 1063 1018 1125 μίποι
1035 1063 1162 1126 emunita
1173 1065 1240 1127 ὑμᾶς,
1255 1064 1321 1115 ἀλλὰ
1335 1065 1363 1115 ιδ
1376 1065 1421 1126 μὶν

315 1143 516 1211 apdroruplubrr
531 1145 578 1194 tna
587 1142 645 1207 epis
654 1144 804 1207 rapwrerrhr
812 1145 864 1205 ripis
874 1143 956 1208 ἔδωκα,
965 1144 995 1193 rb
1011 1144 1036 1194 dl
1048 1145 1164 1209 δῶτιρον,
1182 1145 1238 1195 etr:
1254 1147 1282 1195 id
1295 1151 1350 1196 est:
1370 1149 1420 1196 Nec

314 1229 347 1277 ad
365 1228 413 1276 iata
426 1227 575 1287 festinanter
587 1225 671 1288 impuli
686 1239 735 1288 uos,
746 1227 787 1274 ssd
804 1225 909 1288 primam
927 1231 976 1275 tres
986 1227 1091 1288 integros
1101 1227 1215 1276 uuuosad
1226 1231 1369 1290 apparatura
1384 1225 1420 1276 rei

298 1306 425 1369 ,massan
434 1307 518 1356 deiude
529 1306 603 1355 biera

347 1389 444 1438 Osann
464 1387 498 1436 de
519 1385 633 1450 premiis
654 1385 817 1449 maritorum,
829 1392 1002 1452 patrumque:
1032 1387 1100 1452 quod
1123 1389 1149 1437 in
1172 1386 1262 1437 ordine
1280 1388 1419 1452 septimum

314 1467 405 1531 fuisse,
415 1467 522 1531 colligas
532 1481 566 1516 ex
577 1465 672 1528 Agellii
692 1466 711 1515 l.
723 1479 755 1514 ιι.
769 1469 808 1515 lt.
843 1465 962 1516 Priamiis
973 1465 1040 1516 enlm
1057 1467 1184 1516 invitandi
1196 1465 1302 1517 suerunt
1314 1467 1347 1516 ad
1365 1481 1420 1517 sna·

313 1549 436 1598 trimonia
446 1554 475 1598 et
484 1547 582 1612 prolem
593 1544 817 1610 frequentandam.
850 1544 965 1594 Praemia
984 1545 1092 1595 duorum
1110 1560 1242 1610 generum,
1253 1546 1374 1596 Honores
1391 1553 1420 1596 et

314 1629 463 1680 Commoda,
495 1630 561 1682 Qua
571 1627 685 1690 largiora
694 1634 804 1691 utraque
817 1626 886 1690 apud
899 1633 1002 1690 patrea:
1015 1626 1132 1691 quadem
1145 1634 1231 1676 tamen
1243 1628 1349 1676 seorsim
1358 1627 1418 1678 data

316 1710 395 1760 etiam
413 1707 522 1759 maritis.
555 1708 655 1769 Veluti,
672 1707 808 1756 honestior
827 1707 852 1755 ia
872 1707 1027 1770 spectaculis
1045 1708 1124 1758 locus.
1156 1708 1295 1758 Suetonius
1307 1707 1418 1772 Augusti

314 1805 340 1839 c.
349 1792 390 1839 ld.
405 1789 540 1839 ‘Militem
552 1789 666 1838 secrevit
683 1788 821 1853 apopnlo:
839 1787 966 1838 maritlse
986 1787 1064 1851 plebe
1082 1789 1200 1851 proprios
1220 1789 1322 1839 ordines
1334 1789 1419 1854 adsig-

313 1869 404 1920 narit'
437 1871 474 1920 Et
485 1869 518 1918 ad
528 1883 585 1919 eam
596 1870 752 1919 senteutiam
764 1868 875 1932 accipio,
895 1867 963 1933 quod
980 1867 1058 1933 po'e'ta
1069 1868 1204 1933 Hispanus
1216 1868 1301 1919 facete
1312 1869 1417 1919 scribite

313 1949 455 2015 ‘Spadone
466 1963 524 2000 cum
536 1949 572 1999 sis
583 1949 708 2000 eviratior
722 1947 803 2012 fluxo,
822 1950 936 1999 'llrestra
957 1949 1078 2014 loqueris,
1099 1957 1127 1999 et
1148 1950 1251 2014 gradus,
1270 1955 1298 1999 et
1320 1947 1418 2014 edictu,

312 2031 482 2095 'lbabeasque
492 2037 521 2080 et
532 2030 605 2093 Idus,
613 2029 757 2095 fibulasque
769 2043 922 2094 censusque.
955 2029 1053 2079 Sedere
1064 2029 1091 2077 in
1102 2031 1219 2094 equitum
1229 2028 1308 2078 liceat
1320 2043 1352 2079 au
1368 2029 1417 2080 tibi

311 2112 423 2162 numnis
430 2111 533 2161 videbo
543 2109 676 2175 Didym03
694 2125 744 2161 uon
756 2109 1003 2161 lieetmaritorum.’
1036 2109 1235 2159 Praecesseruut
1250 2111 1312 2159 item
1330 2109 1417 2160 meriti

313 2194 340 2241 iu
350 2193 515 2256 magistratu,
525 2198 553 2241 et
570 2192 597 2240 iu
608 2191 728 2242 foecibus.
761 2193 897 2256 Agellirrsz
915 2193 923 2220 ⁴
936 2191 1029 2256 Capite
1042 2191 1153 2256 septimo
1165 2191 1228 2254 legis
1243 2191 1321 2242 Jullue
1339 2190 1415 2255 priori

313 2287 346 2322 ex
356 2271 510 2322 Censuimus
520 2270 605 2322 fasces
614 2272 731 2322 sumendi
742 2280 859 2336 potestas
870 2279 919 2337 est,
929 2285 980 2322 aon
996 2273 1041 2337 qui
1058 2272 1156 2335 plureis
1176 2284 1255 2320 anuos
1275 2279 1350 2320 uatus
1368 2277 1416 2332 est,

312 2353 359 2403 sed
371 2352 415 2416 qui
434 2353 522 2414 plures
538 2351 634 2402 liberos
645 2368 722 2418 quam
741 2354 841 2416 collega
859 2360 904 2403 aut
924 2355 948 2403 in
968 2366 1015 2402 sua
1034 2359 1167 2416 potestate
1184 2351 1264 2401 babet
1281 2359 1326 2402 aut
1347 2352 1416 2404 bello
1461 2369 1469 2381 ·

313 2432 407 2481 amisit.
439 2431 492 2481 Sed
500 2431 521 2481 si
534 2446 581 2496 par
591 2434 693 2498 utrique
705 2447 827 2484 uumerus
835 2433 974 2484 liberorum
987 2443 1035 2494 est,
1046 2433 1153 2482 maritus
1163 2437 1207 2482 aut
1218 2433 1297 2497 quiin
1310 2445 1415 2482 nurnero

312 2513 463 2562 maritorum
475 2519 516 2562 est
526 2512 681 2576 praefertur!
713 2513 746 2564 lu
766 2529 874 2564 numero
892 2515 1052 2574 maritorum,
1067 2511 1094 2562 id
1114 2519 1164 2575 est,
1175 2513 1275 2576 opinor,
1292 2527 1415 2576 sponsusr

312 2592 354 2641 rel
366 2593 444 2641 etiam
455 2593 499 2658 qni
507 2593 552 2656 jus
561 2593 658 2643 babeat
669 2593 702 2643 ab
713 2594 874 2657 Imperatore
886 2593 980 2644 mariti.
1013 2592 1045 2642 Id
1065 2591 1135 2642 eninr
1146 2603 1248 2655 quoque
1264 2591 1320 2640 dari
1337 2585 1415 2655 soler,

312 2671 412 2732 pariter
429 2687 460 2722 ao
473 2672 519 2736 jus
536 2673 683 2722 liberorum.
717 2672 808 2723 Didicl
826 2687 859 2722 ex
879 2674 956 2722 unico
973 2673 1068 2722 Dionis
1082 2672 1140 2720 loco
1158 2670 1175 2720 l.
1187 2681 1230 2720 ax.
1243 2670 1276 2719 de
1288 2670 1413 2721 Claudio:

311 2752 365 2800 Τοῖς
379 2750 579 2815 προορωμένοις,
598 2752 677 2812 ἐπειδὴ
693 2754 806 2814 γιινοῒκοι
823 2753 866 2802 οὒκ
887 2751 997 2803 ἰθύνοντο
1015 2750 1080 2814 iupa
1095 2755 1143 2800 reis
1153 2751 1228 2813 νόμον
1239 2749 1313 2814 ἕχειν,
1323 2751 1355 2800 td
1368 2753 1416 2801 ude

312 2827 483 2892 murdro
503 2831 646 2892 θαυόμοιο
668 2830 756 2882 Bere:
775 2833 802 2882 id
824 2835 880 2882 est:
894 2831 1024 2895 Militibus,
1044 2832 1152 2896 qemun
1171 2847 1203 2882 ex
1220 2831 1311 2894 legibus
1328 2839 1416 2882 exoret

312 2913 396 2961 ducere
406 2912 439 2961 iis
447 2927 494 2961 ιιοιι
504 2913 663 2976 desimam
671 2915 812 2964 maritent
822 2913 942 2963 messii.
975 2912 1026 2963 Sed
1038 2919 1065 2963 et
1077 2914 1151 2977 plura
1160 2911 1259 2962 meritis
1278 2911 1423 2977 priuilegia*

311 2990 338 3040 iu
349 3000 428 3056 sorte,
438 2993 464 3041 iu
475 2993 698 3044 administratione
709 2993 914 3058 prouinciarum:
932 3007 989 3058 quas
1010 2993 1111 3042 hauries
1128 3005 1160 3041 en
1179 2992 1289 3056 praemiis
1309 2999 1413 3056 patrum

309 3071 410 3135 statim,
420 3086 454 3122 ne
465 3072 555 3122 eadem
564 3073 685 3122 iteranda
695 3074 756 3122 siut.
790 3072 914 3123 Patribus
925 3080 1006 3134 certe,
1017 3079 1046 3122 ut
1064 3071 1183 3136 praedixi,
1200 3071 1308 3135 prumia
1327 3071 1412 3123 uberi·

310 3167 365 3214 οη,
376 3161 403 3202 et
416 3154 493 3216 pleno
503 3154 575 3203 velut
582 3152 699 3203 dimenso
710 3153 805 3216 legum.
839 3153 924 3218 idque
934 3164 985 3203 non
997 3154 1078 3203 soluru
1091 3167 1105 3202 e
1116 3152 1187 3204 Jrrlia
1198 3159 1243 3203 aut
1254 3152 1348 3216 Papia,
1365 3153 1411 3202 sed

310 3245 382 3281 ruore
394 3233 468 3281 llum.
479 3234 574 3296 prisco.
606 3236 614 3261 ⁴
628 3233 684 3282 Lex
697 3233 773 3284 sociis
783 3249 814 3283 sc
826 3233 935 3283 nominis
948 3233 1044 3294 Latini,
1053 3233 1096 3297 qui
1107 3233 1214 3294 stirpem
1229 3245 1262 3279 ea
1274 3245 1332 3282 sese
1342 3231 1411 3297 domi

311 3311 493 3375 relinquerent,
503 3311 593 3374 dabui,
602 3318 631 3361 ut
641 3313 712 3362 circs
723 3312 832 3362 Romani
844 3311 955 3372 liererrt,'
971 3313 1008 3362 eit
1020 3311 1105 3360 Livius
1123 3311 1141 3358 l.
1153 3321 1209 3358 xus.
1243 3309 1311 3360 ltem
1321 3326 1336 3362 u
1346 3311 1412 3363 Ceu·¹

310 3390 419 3452 aeribus,
433 3392 442 3419 ‘
455 3391 486 3439 lu
497 3398 621 3455 quattuor
633 3391 745 3442 urbanas
762 3392 846 3442 tribus
862 3391 913 3456 [eas
932 3397 1019 3440 autern
1037 3389 1121 3439 miuus
1139 3389 1266 3454 honesta]
1286 3393 1411 3459 descripti

310 3478 386 3522 erant
393 3471 518 3535 libertini,
528 3479 626 3534 preter
644 3486 689 3522 eos
699 3473 790 3537 quibos
809 3471 877 3522 lilius
889 3471 1045 3536 quinquenni
1064 3472 1146 3536 major
1157 3485 1190 3520 ex
1210 3473 1260 3522 sc,
1272 3478 1358 3537 esset,’
1374 3475 1412 3525 ait

309 3551 378 3601 idem
400 3553 418 3601 l.
436 3565 499 3602 aar.
532 3552 618 3603 Julius
629 3555 845 3619 cesar,‘agrum
858 3554 1017 3616 Campanum
1039 3551 1126 3602 divisit
1147 3558 1223 3602 extre
1242 3560 1337 3604 sortem
1361 3569 1409 3606 xx.

309 3635 421 3685 millibus
432 3636 535 3697 civium,
545 3637 637 3701 quibas
648 3638 715 3686 terni
727 3638 849 3701 pluresve
857 3635 933 3684 liberi
944 3639 1050 3698 easent,’
1060 3641 1090 3684 ut
1100 3642 1174 3686 notet
1184 3637 1323 3688 Suetonius
1334 3651 1358 3687 c.
1367 3641 1410 3688 tu.

308 3721 339 3765 et
351 3715 463 3779 Appiau.
475 3715 593 3765 Ciuilium
608 3729 639 3765 sa.
656 3722 684 3764 st
695 3717 816 3777 exemplu
826 3716 941 3779 reperies
957 3714 1012 3766 fors
1022 3715 1056 3767 sit
1071 3717 1153 3780 plura.
1187 3717 1238 3766 Sed
1250 3716 1370 3781 Augusto
1382 3718 1410 3769 lu

309 3794 400 3858 primis
413 3809 445 3844 ea
453 3809 531 3844 cura:
548 3809 600 3844 uon
613 3796 673 3858 lege
683 3794 767 3858 Papia
777 3795 869 3858 solum,
880 3803 909 3845 ut
919 3803 1027 3846 censent
1037 3797 1140 3862 quidam
1153 3797 1221 3847 baud
1232 3812 1248 3846 e
1258 3799 1346 3861 vulgo,
1362 3797 1409 3848 sed

303 3874 406 3938 jamdiu
416 3882 485 3923 aute·
517 3873 596 3927 uuou
606 3874 745 3924 clarumex
763 3875 794 3924 iis
807 3889 864 3938 quae
876 3877 926 3925 Dio
946 3876 1037 3927 scribit
1053 3889 1114 3927 nur.
1127 3879 1159 3928 de
1181 3878 1334 3942 presidibus
1351 3891 1409 3942 pro-

307 3953 458 4015 vinciarum,
468 3961 496 4002 et
506 3966 549 4004 nv.
562 3961 623 4005 ante
631 3954 739 4018 Papiam
751 3957 837 4006 latam.
871 3957 966 4005 Fateor
977 3963 1074 4020 tamea,
1083 3960 1151 4023 qnod
1161 3959 1246 4023 Papla
1253 3959 1409 4022 presertim.

307 4033 423 4082 Premis
433 4033 587 4085 πολυπαιδίας
601 4049 634 4084 ea
653 4051 685 4086 ea
703 4038 772 4101 lege,
789 4052 840 4087 uon
858 4037 969 4086 absurde
989 4036 1088 4100 fecero,
1103 4040 1124 4088 si
1142 4039 1233 4090 ordine
1254 4051 1408 4102 proponam.

308 4113 434 4162 Primum.
467 4113 506 4164 Ut
526 4115 553 4164 iu
575 4117 703 4180 petitione
725 4117 860 4168 candidati
887 4116 1067 4183 praeferantur,
1089 4119 1180 4184 quibus
1208 4119 1283 4169 liberi
1310 4119 1408 4182 plures.

307 4191 413 4244 Tacitus
425 4194 484 4245 ln.
500 4195 620 4246 ‘Contra
629 4198 745 4263 plerique
753 4198 918 4262 nitebantur,
928 4203 958 4247 ut
977 4212 1098 4248 numerus
1115 4199 1257 4250 liberorum
1276 4197 1303 4248 iu
1319 4197 1410 4250 caudi·
