3200 4917
287 407 375 472 4506
641 418 670 466 s.
695 415 807 465 stessi
832 411 1031 464 uxounsus

287 546 357 617 Post
364 579 422 614 eum
434 563 510 612 Caius
526 561 534 591 ‘
544 559 738 624 magistratibus
755 559 862 608 liberam
869 556 1075 622 jurisdictionem
1086 553 1221 620 permisit,’
1231 555 1268 604 ait
1279 555 1393 606 sueton:

288 665 312 700 e.
322 653 362 698 tu.
378 647 396 696 l.
409 661 433 694 e.
452 645 507 693 sine
517 640 691 704 appellatione
703 640 806 702 plenam
818 639 995 701 priscamque:
1013 638 1058 686 sesi
1069 636 1095 684 id
1107 645 1158 685 non
1169 636 1316 685 diuturnum
1327 634 1387 697 tuit,

288 745 340 780 uon
360 727 441 790 magis
463 737 539 788 qnam
556 721 681 783 permissa
699 719 733 767 ab
753 733 785 767 eo
807 719 970 766 comitiorum
989 718 1105 767 libertas.
1139 718 1192 766 Dio
1213 717 1274 766 milri
1295 723 1386 766 auctor

288 810 333 860 lib.
346 821 426 860 nvsts.
437 804 484 853 sub
495 803 559 852 Caio
569 809 713 863 receptum,
723 797 858 862 utjouicta
866 799 983 862 quadam
991 799 1101 847 Senatus
1111 799 1287 856 tractaret,ita
1298 803 1385 846 tamen

287 900 317 940 ut
327 890 361 940 ab
372 903 403 937 eo
414 885 542 947 Princeps
553 882 737 945 appellaretur.
768 879 821 926 Sed
840 879 981 940 appellatio
1001 878 1139 942 Principis,
1159 887 1188 927 ut
1205 888 1323 940 apparet,
1335 891 1385 926 nna

288 974 345 1023 sine
355 964 509 1032 punaluit3
523 977 598 1026 poena
609 961 679 1020 diro,
696 960 775 1008 ineos
796 959 840 1022 qui
852 965 950 1007 temere
970 959 1156 1022 appellassent.
1189 960 1248 1010 Quo
1267 959 1385 1023 exemplo

287 1065 356 1100 nunc
368 1050 439 1098 Nero
447 1051 550 1093 anctum
560 1041 681 1091 honorem
689 1041 801 1089 Senatus
812 1041 847 1100 it;
866 1040 1008 1102 statuitque
1019 1046 1048 1088 ut
1058 1039 1147 1087 eadem
1159 1054 1244 1102 poena,
1258 1040 1301 1104 qui
1313 1039 1383 1089 illum

287 1139 386 1180 temere
403 1142 419 1176 a
436 1123 544 1189 privatis
560 1121 692 1186 judicibus
710 1122 895 1185 appellassent,
912 1127 1073 1182 tenerentur,
1093 1135 1143 1185 qua
1160 1121 1204 1183 qni
1224 1121 1384 1183 Principem.

286 1209 446 1262 Sententiam
468 1206 535 1254 lianc
556 1202 620 1251 satis
639 1201 729 1264 capio:
755 1199 977 1249 confirmationem
997 1215 1084 1265 quaero
1107 1206 1134 1249 et
1152 1200 1279 1262 exempla.
1314 1199 1384 1248 Nihil

287 1291 355 1340 enim
367 1303 421 1352 prae
432 1297 509 1334 manu
525 1281 586 1330 mihi
597 1279 666 1345 quod
677 1282 744 1330 istuc
755 1279 844 1341 faciat,
855 1281 903 1329 nisi
916 1279 985 1330 forte
996 1295 1053 1345 qun
1067 1281 1100 1330 de
1118 1295 1191 1344 poena
1211 1279 1384 1344 prejudieisti

287 1383 374 1420 eornm
393 1367 437 1431 qui
456 1380 471 1414 a
491 1361 621 1412 Praefecto
630 1361 701 1410 nrbis
711 1362 893 1425 appellassent,
908 1361 1074 1425 Symmachus
1085 1360 1175 1410 scribit
1188 1359 1233 1410 lib.
1246 1371 1273 1407 x.
1285 1359 1383 1408 duobus

285 1451 360 1499 locis.
384 1448 468 1498 Onam
480 1449 510 1493 tn
520 1443 614 1506 cupide
624 1441 708 1492 lector
718 1442 787 1492 side.
821 1442 886 1491 Mihi
898 1457 912 1491 a
923 1443 1006 1492 latare
1019 1442 1143 1505 tragulam
1156 1441 1243 1504 injicit
1252 1440 1389 1503 numquit:

286 1533 335 1591 lus,
345 1528 389 1593 qni
398 1526 464 1576 itanc
474 1524 556 1588 ipsam
568 1537 622 1572 rem
634 1529 751 1586 tangens,
770 1538 828 1587 cap.
841 1528 881 1572 1⁷.
901 1523 962 1572 nihil
979 1537 1066 1572 eorum
1078 1537 1135 1587 quas
1145 1521 1262 1582 Tacitus,
1277 1520 1322 1569 sed
1334 1522 1384 1569 lioc

287 1617 388 1662 tanturn
408 1604 482 1667 dicit,
498 1603 627 1653 ‘Cautum
648 1611 677 1652 ut
694 1616 781 1651 omnes
802 1603 988 1666 appellationes
1000 1601 1153 1667 ajudicibus
1163 1600 1196 1651 ad
1207 1600 1329 1650 Senatum
1339 1597 1384 1648 lle·

288 1690 361 1741 rent!
396 1686 488 1736 llaeret
500 1684 527 1734 id
535 1683 670 1747 spiculum,
681 1690 707 1732 et
718 1697 767 1732 nou
779 1683 871 1734 evello.

380 2261 662 2341 EXCURSUS
693 2265 772 2339 AD
806 2266 1009 2342 ANNAL.
1045 2263 1155 2339 LIB·
1189 2260 1284 2336 XV.

817 2485 849 2536 Α.

319 2629 432 2681 Caml.
449 2631 544 2681 Canas
552 2632 716 2697 investigatio
727 2635 781 2697 eJns
792 2631 844 2682 diei
856 2647 872 2682 a
882 2633 956 2682 clade
967 2631 1063 2682 Aliensi
1073 2630 1131 2694 capi
1140 2635 1237 2693 potest,
1246 2632 1274 2676 et
1284 2625 1380 2675 debet:

286 2723 361 2773 qnam
373 2719 472 2760 certum
490 2719 531 2760 est
547 2713 702 2762 anteriorem
713 2712 799 2774 fnisse,
810 2718 838 2761 et
848 2710 923 2761 lastis
934 2712 1066 2776 perpetuis
1077 2709 1198 2760 traditam
1210 2715 1237 2757 et
1248 2707 1382 2770 signatam,

285 2787 395 2853 ideoque
406 2797 434 2839 et
445 2791 522 2855 vulgo
533 2800 629 2842 notans.
660 2793 753 2842 Cicero
764 2792 797 2840 ad
810 2790 946 2841 Atticum:
963 2795 970 2820 ‘
984 2791 1099 2854 Majores
1116 2789 1199 2838 nostri
1215 2785 1381 2835 funestiorem

285 2867 353 2916 diem
362 2883 419 2919 esse
431 2870 564 2920 voluerunt
575 2871 686 2921 Aliensis
704 2887 808 2936 pugnae,
823 2887 900 2936 quam
917 2871 987 2920 urbis
998 2877 1092 2934 capta,
1103 2867 1170 2934 qnod
1183 2869 1230 2916 hoc
1241 2865 1335 2914 malum
1346 2879 1379 2913 ex

283 2948 344 2998 illo:
360 2949 449 3014 itaqua
468 2951 535 3000 aiter
553 2952 685 3014 religiosus
695 2954 774 3002 etiam
783 2967 852 3002 nnnc
864 2952 927 3012 dies,
940 2951 1007 3001 alter
1018 2951 1043 3000 in
1062 2950 1152 3012 uulgus
1163 2944 1283 3010 ignotus!
1315 2945 1381 2997 Quis

284 3029 365 3093 igitur
375 3031 437 3081 illel
469 3032 557 3081 lirim
573 3047 606 3081 es
623 3031 738 3095 protem
757 3033 937 3095 tradit,.initio
956 3031 1000 3082 lib.
1012 3044 1051 3080 vr.
1068 3030 1164 3079 ‘Diem
1184 3044 1208 3077 a.
1225 3030 1250 3076 d.
1262 3040 1308 3077 xv.
1319 3026 1380 3074 Kal.

283 3108 395 3160 Sextiles
406 3111 502 3175 duplici
512 3111 587 3162 clade
597 3113 732 3176 insignem,
742 3127 793 3176 quo
812 3113 855 3162 die
872 3113 904 3162 ad
926 3113 1075 3162 Cremeram
1087 3109 1161 3160 Fabii
1178 3109 1247 3168 caesi,
1259 3120 1310 3172 quo
1321 3105 1382 3156 dein

283 3190 316 3239 ⁸⁶
326 3189 422 3252 Nimis
432 3207 489 3242 111111
501 3194 582 3243 11111111
592 3194 673 3251 urbis,
683 3193 752 3242 stede
763 3194 923 3258 pugnatum!
956 3193 1054 3243 Mem
1072 3192 1155 3242 Taciti
1175 3190 1256 3238 nostri
1275 3187 1383 3236 assertio

284 3268 356 3318 uiso
376 3283 408 3320 n.
431 3272 465 3319 de
486 3273 602 3333 Vitellio,
618 3287 694 3336 quesn
716 3273 797 3322 tradit
812 3273 935 3322 ‘lunesto
954 3274 1039 3322 omine
1057 3271 1090 3320 de
1108 3268 1252 3318 cerimoniis
1270 3265 1381 3328 publicis

283 3347 395 3397 edixisse
415 3362 461 3396 xv.
481 3350 540 3398 Kal.
559 3351 680 3414 Augusti,
695 3352 739 3400 die
761 3353 901 3415 antiquitus
919 3351 1031 3399 infausto
1049 3346 1210 3397 Cremerensi
1229 3342 1380 3409 Aliensique

283 3426 417 3478 cladibus?
448 3429 518 3492 Ergo
534 3445 622 3479 eorum
641 3439 730 3480 menta
741 3446 834 3494 pugnae
846 3431 889 3480 ilie
900 3431 970 3480 dies:
987 3443 1095 3493 sequens
1106 3433 1192 3478 antem
1204 3425 1275 3475 turbis
1285 3433 1381 3490 captae,

283 3508 449 3558 etlueensse:
466 3509 535 3574 quod
543 3511 633 3560 Livius
644 3513 705 3560 item
717 3511 805 3562 tradit.
822 3514 829 3540 ⁶
841 3509 973 3574 ingressi?
983 3509 1091 3573 iuquit,‘
1104 3514 1207 3571 postero
1218 3508 1262 3555 die
1273 3507 1377 3566 nrbem3

284 3596 391 3654 patente
401 3591 504 3642 Collina
514 3592 605 3656 porta!
639 3593 704 3642 liae
720 3595 743 3642 ai
754 3593 792 3643 ita
800 3607 872 3654 vera,
889 3592 945 3656 qtris
957 3605 1008 3640 non
1019 3589 1091 3639 videt
1104 3601 1162 3638 xiv.
1171 3586 1283 3636 Kalend.
1294 3587 1379 3650 ipsum

282 3665 395 3723 incendii
406 3672 474 3721 diam
484 3670 585 3722 faisse?
601 3679 630 3722 et
640 3681 712 3723 reete
722 3675 802 3736 igitur
813 3674 854 3722 lsic
866 3673 903 3722 ita
912 3673 938 3720 in
950 3672 1044 3720 Tacito
1054 3670 1188 3734 seriptum.
1221 3666 1258 3717 At
1276 3667 1318 3716 alii
1328 3665 1380 3716 ior-

282 3756 353 3802 tassa
364 3751 525 3803 dissentiant.
559 3754 683 3804 Minister
699 3754 751 3803 ino
768 3754 884 3817 Asellius
902 3769 917 3803 e
933 3753 1026 3802 Verrio
1045 3751 1140 3801 Flacco
1160 3748 1253 3811 refert,
1269 3751 1288 3798 l.
1302 3763 1327 3798 r.
1340 3750 1381 3798 17.

282 3845 341 3882 curn
352 3847 470 3884 caussam
481 3834 584 3897 quaerit,
601 3849 649 3883 cnr
668 3833 724 3883 dies
741 3833 902 3896 postridnani
918 3834 968 3882 atri
988 3832 1109 3881 llonsanis
1124 3831 1222 3880 isabitii
1238 3827 1326 3888 refert,
1340 3827 1380 3875 in·

282 3924 369 3977 quam,
384 3915 391 3942 ‘
403 3916 437 3966 Q.
454 3915 597 3978 Sulpicium
607 3914 748 3964 Tribunum
765 3914 886 3976 militurn,
894 3912 1018 3963 aduersus
1030 3911 1120 3960 Gallos
1130 3919 1313 3974 pugnaturum,
1324 3919 1378 3955 rem

281 3993 395 4042 divinam
405 3994 542 4046 dimicandi
557 3996 640 4060 gratia
651 3996 778 4059 postridie
788 3995 851 4045 ldns
862 3992 969 4053 ἠώιος
985 4003 1011 4041 et
1031 4001 1089 4056 post
1107 3990 1176 4040 diem
1196 3989 1301 4038 tertium
1320 3987 1378 4050 ejus

281 4071 335 4124 diei
344 4071 552 4124 urbemallallis
563 4085 716 4140 occupatam
726 4076 802 4127 esse!
835 4074 935 4126 Quibus
945 4073 1029 4123 verbis
1043 4073 1065 4123 si
1083 4073 1139 4121 lsaec
1151 4071 1280 4120 sententia
1289 4075 1339 4128 eat,
1349 4075 1379 4117 ttt
1488 4113 1492 4122 .

282 4150 346 4215 salit
354 4159 407 4202 tres
417 4153 472 4204 dies
481 4155 590 4224 medios,
597 4165 627 4207 et
637 4165 729 4222 quarto
736 4158 838 4208 dum
849 4161 1006 4221 pugnatum
1024 4152 1209 4219 profectusum
1216 4147 1380 4202 Lirioseatit
