3200 4917
294 363 382 430 und
646 374 677 427 r.
701 379 814 428 utenti
840 377 1041 428 nxeuuaus

292 519 326 571 de
337 520 409 571 Julla
419 517 481 581 lilia,
494 519 639 584 neptique:
656 520 665 547 ‘
675 518 817 568 Adulteros
829 535 917 570 earnm
930 525 1012 570 morte
1025 525 1069 569 ant
1078 517 1140 582 sugo
1152 517 1274 582 puniritz’
1291 519 1391 570 stallm-

295 612 345 664 qne
362 598 446 660 addit,
463 600 571 661 culpans
590 597 749 661 Angustum:
768 599 948 648 ‘clementiam
969 599 1095 662 majorum
1114 612 1224 661 surasque
1245 597 1302 661 lpse
1321 601 1391 662 leget

298 678 501 741 egrediebatur!
545 679 613 727 Nam
636 679 762 740 intellegit
782 678 867 728 Julius
894 680 971 742 leges.
1018 680 1059 728 Ne
1082 679 1201 728 exsilium
1223 679 1335 743 quidem,
1357 694 1391 730 ex

294 757 387 807 eodem
406 758 480 808 loco:
499 759 616 808 sicenim
641 759 797 823 interpretor
812 757 913 824 lugam:
932 765 1005 808 etex
1018 760 1075 822 boc,
1092 759 1175 823 quiin
1196 758 1325 810 manibus:
1346 759 1392 809 ubl

294 837 413 887 'liberino
423 845 516 888 contra
527 840 611 902 legem
622 838 728 900 lulium,
743 839 910 889 severitatem
924 837 1097 902 pervicaciter
1107 839 1250 902 amplexus,
1259 837 1391 903 Aquilintu

294 917 385 966 exallio
398 917 512 966 damnat.
546 918 670 967 Exsilium
682 918 803 978 intellego
813 924 976 980 perpetuum,
998 919 1066 982 qnod
1078 919 1113 967 sit
1124 919 1183 968 vice
1195 918 1392 982 deportetionis.

295 995 360 1046 Esto
372 997 453 1060 igitur
467 997 614 1060 Relegatlo.
645 997 721 1045 Facit
737 997 787 1046 lune
802 996 866 1045 illud
879 995 964 1046 Taciti
977 997 1010 1047 de
1022 998 1142 1047 Vistilia:
1160 999 1269 1063 ‘anue
1280 999 1306 1048 iu
1325 999 1392 1049 insu·

294 1076 346 1124 lam
354 1076 480 1140 Seriphon
491 1077 580 1127 abdita
589 1076 651 1135 est;’
661 1077 687 1124 id
699 1084 750 1139 est,
761 1077 788 1124 in
800 1077 907 1126 insulam
920 1077 1049 1141 relegata:
1062 1084 1090 1126 et
1100 1079 1185 1141 paullo
1194 1078 1347 1129 'clementius
1359 1080 1392 1130 de

296 1155 405 1218 Manlio,
416 1157 575 1221 relegatione
586 1156 710 1220 simplici:
727 1155 870 1206 ‘Adultero
890 1156 990 1206 Manlio
1009 1156 1101 1206 Africa
1120 1163 1197 1220 atque
1217 1157 1296 1207 ltalia
1313 1158 1393 1210 inter·

296 1233 413 1291 dictum!
444 1237 528 1286 Juvat
547 1235 643 1300 aliquid
659 1235 723 1284 illud
735 1234 833 1298 Ovidii,
851 1235 895 1300 qni
912 1235 945 1285 ob
957 1235 1113 1286 adulterium
1125 1236 1277 1286 domnulus:
1294 1237 1395 1290 ‘Nom-

296 1329 347 1382 qne
356 1317 499 1379 relegatus,
509 1330 558 1365 non
569 1315 642 1364 exsul
653 1315 743 1364 dicor!
774 1315 810 1364 Et
827 1314 940 1364 rationes
950 1315 1068 1380 quaedam
1079 1331 1111 1365 ex
1128 1317 1189 1380 jure
1198 1317 1311 1382 scripto:
1329 1332 1393 1384 quap

296 1395 505 1460 peteaCancio
528 1395 575 1443 lib.
596 1408 636 1444 vt.
660 1392 801 1444 Observat.
817 1408 877 1456 cap.
898 1398 937 1444 ll.
971 1395 1062 1446 Nodns
1081 1397 1173 1460 aliquis
1193 1411 1248 1446 esse
1270 1397 1352 1460 possit
1369 1398 1395 1456 iq

295 1472 480 1525 duriaconsulti
491 1475 576 1525 verbis
585 1475 617 1524 nd
636 1473 776 1525 idulium:
793 1471 942 1522 ‘Adulterii
955 1473 1102 1524 damnatum
1114 1476 1135 1526 si
1147 1475 1204 1540 quis
1216 1474 1320 1526 duxerit
1333 1490 1394 1526 uxo-

296 1568 361 1614 rem,
382 1555 439 1619 lege
456 1554 546 1606 eadem
558 1562 662 1604 tenetur
671 1554 688 1605 :'
705 1554 774 1620 quod
786 1555 879 1604 tollere
890 1554 994 1606 uidetur
1002 1557 1197 1622 relegationem.
1231 1556 1393 1606 Etinrerbis

296 1634 384 1693 Porlii
395 1636 526 1698 Latronis,
539 1651 597 1701 qnae
605 1650 701 1699 snpra:
719 1635 835 1701 equibus
847 1637 944 1689 mulcta
952 1637 1019 1687 dotis
1031 1638 1122 1686 saltem
1139 1638 1194 1686 erni
1211 1643 1307 1701 potent,
1318 1644 1346 1686 et
1356 1638 1394 1686 iu·

298 1711 384 1764 toute
400 1721 472 1766 nota.
512 1716 619 1765 Pontius
635 1722 723 1766 autern
742 1716 872 1780 posterior
891 1716 964 1770 Julia
982 1717 1050 1782 lege.
1093 1717 1190 1766 Dicam
1210 1729 1282 1780 rere,
1302 1729 1393 1778 parom

298 1799 372 1844 certa
383 1808 425 1844 res
435 1802 492 1844 est:
510 1796 668 1860 etexerupla
685 1795 852 1860 relegationis
864 1811 921 1861 qnae
942 1797 968 1846 iu
985 1797 1093 1846 historia
1109 1796 1137 1845 iu
1156 1796 1270 1859 perronio
1284 1795 1396 1858 eximiis,

298 1870 382 1922 videri
390 1882 500 1937 possunt
512 1889 528 1924 a
539 1876 681 1939 severitate
696 1875 861 1940 Principum,
877 1888 929 1926 nou
942 1890 956 1924 a
975 1876 1033 1939 lege
1046 1891 1052 1922 :
1069 1875 1189 1941 aliudque
1201 1881 1331 1924 serratum
1343 1873 1395 1924 l'or·

298 1959 368 2005 tanae
388 1942 565 2004 iu'botuinnm
581 1956 667 2020 vulgo.
699 1956 736 2009 Ni
757 1953 860 2019 fnisset,
877 1956 990 2006 nonille
1011 1963 1064 2005 tam
1086 1954 1234 2022 frequentes
1255 1960 1341 2004 esseut
1361 1953 1395 2028 de

302 2033 438 2084 adulteriis
450 2034 519 2099 apud
531 2035 672 2099 scriptores
682 2034 710 2085 id
719 2035 768 2086 aevi
779 2034 902 2100 querelae.
936 2036 1036 2086 Seneca
1054 2033 1133 2084 audet
1152 2032 1281 2094 scribere,
1299 2033 1395 2084 ‘Num-

298 2113 361 2178 quid
377 2113 434 2178 jam
445 2117 511 2165 nllus
524 2114 653 2167 adulterio
664 2117 747 2182 pudor
758 2117 817 2168 est?
833 2124 967 2181 pootquaru
979 2130 1010 2164 eo
1021 2121 1125 2164 ventum
1136 2120 1185 2176 ost,
1196 2113 1306 2163 utnulla
1322 2113 1398 2164 mari·

298 2202 353 2256 tum
364 2194 466 2256 babeat,
482 2196 531 2244 nisi
550 2204 580 2247 nt
590 2196 676 2247 irritet
687 2197 832 2246 adulterum
842 2195 858 2258 ;'
875 2197 977 2261 aliaque
989 2195 1083 2260 passim
1094 2193 1209 2257 reperiet
1226 2193 1252 2242 iu
1268 2207 1324 2242 eam
1342 2207 1397 2242 sen·

298 2273 424 2334 tentiam
442 2290 532 2337 parum
544 2277 695 2338 probabilia,
711 2277 732 2326 si
746 2277 871 2342 relegatio
882 2285 909 2326 et
920 2275 993 2340 fuga,
1004 2273 1125 2324 adulterii
1135 2288 1229 2338 poenae.
1263 2271 1395 2338 Quidquid

259 2395 262 2399 ,
298 2354 417 2417 ejurent,
442 2356 556 2419 capitale
567 2365 660 2420 postes
669 2357 695 2405 id
707 2357 803 2407 crimen
816 2355 925 2417 fuctum,
936 2365 965 2404 nt
976 2370 1009 2404 ex
1021 2355 1134 2418 Apuleio
1149 2360 1224 2402 notat
1240 2351 1307 2402 idern
1320 2352 1395 2416 Coju

298 2435 369 2484 eins:
387 2435 429 2484 eui
438 2435 505 2485 adde
517 2436 661 2488 Aruobium
669 2437 715 2488 lib.
727 2451 765 2487 ιν.
781 2437 789 2464 ⁴
800 2435 938 2487 Adulteria
950 2443 1036 2486 tamen
1052 2434 1151 2499 legibus
1161 2433 1300 2494 vindicant,
1317 2439 1397 2482 etce-

299 2513 426 2580 pitallbno
438 2515 564 2566 adiiciunt
577 2532 621 2566 rou
632 2518 726 2581 ponis,
741 2533 805 2582 qnos
816 2517 842 2566 ln
858 2515 942 2566 aliena
960 2515 1203 2578 comprehenderint
1218 2513 1317 2562 foedera
1327 2514 1398 2578 geni-

299 2594 346 2642 alls
357 2609 385 2644 se
396 2596 485 2645 lectuli
497 2598 690 2661 expugnatione
697 2595 815 2668 jecisse!
841 2598 875 2645 El
886 2595 972 2660 gladio
983 2594 1221 2644 animadverterunt
1233 2607 1282 2641 non
1291 2593 1318 2640 iu
1328 2591 1398 2644 adnl-

301 2680 370 2724 teros
388 2675 475 2739 modo,
497 2675 544 2726 sed
562 2691 650 2727 omnes
667 2677 811 2740 lmpndlcos
833 2681 1059 2741 stupratoresque,
1088 2673 1243 2723 Wandalicue
1264 2673 1344 2738 leges,
1367 2679 1398 2727 nt

300 2751 353 2816 legi
364 2754 591 2816 spndSnlriannm
608 2756 654 2805 lib.
667 2770 717 2807 vu.
733 2756 917 2808 ‘Addiderunt
937 2769 1038 2820 quoque
1058 2753 1106 2804 boc
1126 2753 1158 2803 ad
1177 2749 1312 2803 libidinem
1331 2767 1398 2802 com-

300 2832 472 2898 primendam,
488 2850 591 2886 seueras
602 2837 736 2902 pudicitior
748 2837 894 2894 unctionet
911 2837 1086 2897 decretorum,
1107 2831 1191 2898 gladio
1210 2831 1398 2898 impudicitiam

300 2911 469 2966 coercenten'

690 3149 1011 3167 -Ι-*ι--ὺ-η-

421 3381 706 3462 EXCURSUS
739 3381 818 3464 AD
848 3381 1050 3462 ANNAL·
1083 3379 1193 3460 Llss.
1225 3381 1275 3460 V·

836 3605 869 3656 A.

334 3736 402 3787 Cle.
428 3740 455 3786 4.
487 3732 567 3786 Acta
581 3735 694 3785 Smenos
711 3732 854 3795 nocebant,
881 3735 1078 3786 commentarios
1107 3733 1274 3800 (lemn
1293 3739 1400 3785 vernent

303 3815 405 3881 Greci)
414 3816 508 3882 quibua
519 3816 636 3866 breviter
647 3816 802 3878 inscriptam
811 3813 935 3881 quidquid
946 3816 1014 3881 apud
1023 3822 1111 3879 patrer
1120 3816 1262 3878 diceretur,
1267 3819 1402 3878 agerent·

304 3911 365 3960 qua.
394 3899 505 3948 'l'untnm
515 3897 585 3962 apud
596 3905 691 3961 patres.
721 3896 918 3961 Drigoeorum,
934 3897 1085 3960 urridelnr,
1101 3897 1201 3948 alulit
1213 3897 1334 3947 emer
1352 3889 1407 3960 qni

302 3971 410 4039 comt
424 3977 512 4026 ‘luite
521 3979 628 4040 mro,
638 3979 735 4043 pri-ss
745 3976 858 4028 ouanlam
869 3975 994 4038 instituit,
1010 3981 1040 4026 sl
1058 3983 1110 4026 tum
1125 3977 1246 4040 matus,
1264 3987 1341 4041 qaam
1352 3989 1399 4038 po·

304 4053 533 4118 pubdlurnsacta
549 4057 749 4120 maneantur,
766 4064 795 4107 et
813 4053 1024 4121 publlcsreatm!
1057 4055 1195 4108 &nlntio
1205 4056 1319 4108 mamito
1334 4054 1400 4120 pabo

307 4132 396 4185 l'rratio
406 4134 714 4201 abrogataabdugasto.
746 4136 884 4188 Suetonius
894 4149 952 4199 rap.
969 4137 1011 4186 lb.
1025 4133 1144 4186 ‘ductor
1154 4145 1183 4186 st
1193 4135 1402 4190 meeum

304 4212 492 4272 hamtuna
506 4216 536 4266 in
553 4214 1076 4284 qmmaenammrpsolusrmrurt
1104 4214 1266 4272 &memet
1283 4229 1317 4274 a·
1332 4214 1403 4288 ψ·
