3200 4917
312 357 402 427 4480
634 408 639 418 .
670 369 700 418 ι.
723 367 837 417 arran
863 366 1061 418 exeussus

312 518 500 580 pmntutot
509 513 634 564 ὶίοιςοηιοι
644 514 750 576 mooli,
765 513 855 575 itales,
871 515 942 560 astes
958 511 1052 575 quidm
1067 510 1244 574 perdonatum,
1263 523 1325 564 ausc
1340 517 1420 564 ottteut

314 593 735 660 perpenpemjmgrmfioun
743 598 871 649 natorum
886 591 923 640 ito
933 595 960 640 ot
971 606 1044 654 seque
1053 592 1127 654 portis
1137 590 1248 642 orbitatis
1257 591 1354 642 unse
1363 593 1421 656 nat,

315 685 340 728 et
349 677 448 740 prmo
458 676 536 725 omnio
545 675 706 724 multitudiuis
715 674 843 722 Βοσσοοιιοι
853 678 1031 736 consequuntur,
1038 672 1120 734 paucis
1130 674 1213 722 saltem
1222 675 1335 736 exeeptis.
1368 673 1421 723 Ubi

318 757 391 808 rides
402 762 430 806 et
440 755 541 805 feminis
552 754 632 804 tribui
642 754 727 804 solere
738 752 765 801 id
777 751 947 802 beneficium:
964 752 1032 816 quod
1049 753 1134 814 primo
1146 760 1174 801 et
1191 767 1226 800 ex
1242 754 1300 816 lege
1310 753 1389 817 Jttlia,
1405 766 1422 802 a

316 838 414 888 Senatu
432 835 587 898 petebatnr3
605 841 698 897 postea
715 849 732 883 a
750 832 890 896 Principe:
909 847 1060 897 quamquam
1082 847 1112 882 ea
1124 833 1204 881 verba
1225 847 1371 896 perperam,
1393 834 1421 882 iu

315 919 395 980 longe
405 916 482 966 aliam
492 915 649 964 sententiam
659 912 770 962 abduxit
779 912 919 974 interpres.
953 912 1110 960 Plutarchus
1125 911 1159 960 de
1171 912 1320 962 Vestalibus
1336 920 1422 974 notat,
1485 921 1487 924 ’

318 1013 362 1048 eas
372 996 429 1046 sina
440 1002 528 1045 tutore
539 1001 585 1042 aut
595 999 715 1043 curatore
726 1006 767 1041 rea
778 1005 838 1040 suas
850 990 1049 1052 administrasse,
1061 991 1148 1054 ὥσπερ,
1158 992 1251 1055 inquit,
1262 992 1287 1039 ai
1296 991 1422 1054 τρίποδος.

316 1078 355 1129 At
367 1077 437 1143 quod
457 1075 484 1124 id
503 1075 572 1124 solus
590 1073 718 1137 Princeps
738 1071 856 1121 dederit:
874 1072 944 1120 clare
966 1073 1109 1121 Martialis:
1126 1073 1276 1122 ‘Natorum
1297 1073 1359 1122 milti
1376 1075 1420 1137 jus

318 1156 396 1208 trium
408 1154 513 1219 roganti
523 1155 656 1203 Musarum
675 1151 789 1214 pretium
800 1150 874 1201 dedit
891 1165 1005 1201 mearum
1024 1152 1100 1201 Solus
1119 1152 1162 1216 qul
1181 1158 1302 1215 poterat:
1321 1152 1421 1202 valebis

316 1251 382 1287 uxor
392 1256 400 1298 ;
424 1235 484 1285 Non
495 1232 575 1282 debet
583 1231 679 1281 domini
691 1232 778 1293 perire
788 1231 900 1281 munus!
933 1232 993 1282 Hoc
1006 1232 1084 1295 idem,
1090 1233 1134 1295 jus
1141 1239 1278 1295 parentum
1287 1233 1421 1284 Juvemt'u

318 1317 450 1384 appellat:
467 1314 552 1365 ‘Jura
563 1313 681 1376 parentis
691 1311 780 1375 habes,
791 1319 900 1376 propter
911 1327 953 1362 me
964 1313 1084 1364 scriberis
1095 1314 1171 1362 berea
1180 1312 1196 1361 ι’
1214 1320 1241 1362 et
1257 1313 1362 1364 Tacitus
1379 1312 1422 1363 laic

319 1398 457 1465 privilegia
468 1402 614 1460 parentum.
647 1392 702 1443 Atti
712 1393 867 1457 simpliciter
878 1395 967 1456 etlam,
985 1393 1001 1444 J
1005 1408 1035 1442 us
1053 1393 1203 1442 liberorum.
1229 1394 1261 1443 ln
1272 1392 1422 1458 fragmento

313 1481 380 1546 ,iuris
389 1477 494 1537 veteris,
505 1473 574 1539 quod
586 1473 719 1537 evulgavit
735 1472 899 1523 doctissimus
910 1474 1041 1523 Pltboeus:
1060 1473 1178 1523 ‘Mulier
1191 1473 1246 1521 sine
1263 1473 1422 1524 auctoritate

319 1559 415 1612 tutoris
427 1554 609 1605 manumittere
620 1559 718 1616 potest,
729 1553 750 1602 si
756 1553 802 1615 jus
813 1552 910 1602 habeat
922 1552 1079 1602 liberorum!
1112 1555 1148 1603 Et
1159 1554 1257 1602 Paulus
1269 1555 1287 1602 l.
1300 1567 1337 1604 tv.
1358 1554 1422 1602 Sen-

319 1646 386 1700 tent.
398 1637 431 1686 ad
442 1637 484 1684 Sc.
493 1633 687 1695 Tertullianum,
694 1633 752 1694 plus
764 1633 853 1682 semel.
875 1634 935 1685 ¹,lus
946 1632 1086 1682 liberorum
1099 1639 1184 1682 tamen
1196 1633 1301 1698 propria
1311 1633 1422 1700 quadam

319 1728 347 1772 et
365 1719 418 1768 alla
438 1711 626 1778 significatione
637 1713 697 1775 capl
716 1711 744 1760 ln
754 1712 862 1776 Ulpiani
874 1713 975 1776 Fragm.
998 1714 1068 1764 titul.
1079 1727 1137 1764 xrs.
1154 1721 1182 1764 et
1204 1715 1221 1764 l.
1234 1729 1270 1765 rc.
1302 1715 1343 1764 De
1361 1715 1423 1778 jure

320 1801 395 1850 liber.
410 1810 462 1846 non
474 1808 549 1854 vane,
560 1798 635 1842 notat
645 1793 729 1842 nostri
746 1793 795 1842 seri
804 1793 1012 1844 iurisconsultus
1029 1795 1062 1844 ad
1079 1797 1237 1858 Fragmenta
1254 1810 1286 1846 ea
1304 1796 1375 1858 ipsa:
1394 1799 1424 1844 et

246 1905 254 1915 ·
319 1879 415 1936 nodum
427 1889 503 1941 quem
513 1874 649 1922 Duarenus
660 1873 787 1936 ligaverat
799 1887 819 1922 1.
832 1875 936 1938 Dispot.
948 1889 971 1924 c.
979 1879 1019 1925 lo.
1032 1875 1110 1927 docte
1122 1877 1208 1926 solvit.
1240 1875 1423 1925 iubeolucem

319 1961 381 2012 ltuic
392 1957 431 2018 rei
442 1953 554 2004 mutuari
564 1959 591 2002 te
601 1953 634 2002 ab
654 1953 698 2002 illo
709 1953 779 2016 Sole,
789 1954 815 2002 in
827 1967 906 2018 eapse
917 1955 1079 2018 Fragments.
1110 1955 1164 2006 Sed
1181 1961 1341 2019 etquattuor
1357 1953 1423 2004 llbe-

319 2021 455 2102 rorumjus
466 2034 533 2085 init:
553 2032 621 2098 qnod
633 2033 762 2097 pertinuit
771 2032 833 2098 (nisi
849 2034 876 2082 in
888 2034 973 2084 aliena
990 2035 1095 2098 regione
1106 2032 1211 2098 aberro)
1228 2034 1261 2082 ad
1280 2033 1424 2096 libertinas,

319 2135 373 2172 nou
391 2120 531 2181 ingennus:
547 2120 619 2163 certe
638 2114 677 2163 ita
694 2113 829 2177 distinguit
846 2113 896 2164 SC.
908 2114 1105 2175 Tertullianum,
1117 2116 1150 2165 de
1167 2130 1218 2180 qno
1229 2114 1289 2164 vide
1301 2113 1423 2164 Paullum

320 2204 339 2252 1.
351 2214 391 2249 tv.
404 2198 446 2247 tit.
457 2201 482 2245 t).
515 2193 592 2246 Quod
605 2200 691 2242 tamen
702 2195 747 2257 jus
758 2195 884 2245 vetustius
894 2203 935 2245 est
946 2196 990 2245 illo
1000 2195 1049 2246 SC.
1059 2203 1086 2245 et
1096 2196 1194 2246 mentio
1201 2197 1259 2260 ejus
1271 2197 1296 2244 in
1304 2191 1423 2244 Suetonii

322 2277 431 2332 Claudio
443 2291 465 2326 c.
474 2279 516 2323 19.
532 2272 577 2322 ubi
589 2272 718 2337 Princeps
730 2276 738 2301 ⁴
751 2274 872 2323 Feminis'
883 2275 955 2340 (quae
968 2289 1048 2325 naves
1059 2276 1159 2326 scillcet
1169 2282 1324 2325 mercaturae
1336 2285 1426 2324 caussa

321 2353 509 2419 fabricarent)‘
518 2354 563 2417 jus
576 2353 669 2403 tribuit
680 2360 804 2418 quattuor
813 2354 972 2404 liberorum!
1005 2355 1046 2404 De
1058 2357 1179 2420 premiis,
1190 2356 1250 2406 ista.
1281 2387 1284 2395 ι

325 2479 333 2489 .
354 2442 450 2491 creor
461 2437 494 2486 de
505 2435 589 2498 poenis
599 2433 738 2499 multisque
749 2435 868 2484 caelibum
881 2441 909 2484 ct
919 2435 1049 2485 orborum.
1083 2437 1149 2489 Quae
1161 2436 1239 2486 etism
1248 2437 1275 2486 in
1286 2437 1344 2500 lege
1352 2435 1425 2487 Julia

321 2519 444 2570 fuerent:
462 2516 508 2566 aed
527 2515 672 2578 Angustus,
689 2521 719 2563 ut
738 2514 795 2578 ipse
814 2515 883 2579 apud
902 2516 1013 2566 Diouem
1033 2515 1141 2578 fatetur,
1160 2516 1273 2566 intendit
1290 2515 1424 2580 attrituque.

321 2601 406 2651 Poena
417 2597 539 2661 primast
550 2595 673 2657 maxima,
692 2595 738 2644 Uti
760 2595 865 2646 celibes
876 2611 909 2644 ex
930 2597 1092 2648 testamentis
1110 2597 1173 2647 nihil
1192 2603 1325 2660 caperent,
1343 2596 1393 2646 nisi
1408 2610 1425 2644 a

323 2677 440 2744 proxime
453 2676 621 2739 junctorum:
638 2673 763 2736 orbi,non
782 2675 832 2724 nisi
850 2675 993 2728 dimidium.
1025 2677 1122 2726 Melior
1134 2692 1196 2742 ergo
1215 2677 1331 2728 conditio
1349 2675 1425 2726 orbo·

322 2773 395 2810 rum:
412 2763 440 2806 et
453 2756 523 2820 jure,
533 2754 594 2819 quia
603 2755 690 2805 mariti
702 2754 804 2803 saltem.
834 2755 990 2804 Soaomeuns
1006 2756 1022 2805 l.
1034 2770 1054 2806 1.
1073 2757 1173 2807 Eccles.
1184 2757 1272 2806 histor.
1284 2756 1424 2806 discrimen

275 2898 278 2902 λ
322 2838 372 2887 buc
383 2836 448 2886 bene
459 2842 549 2885 notat:
570 2832 647 2894 Νόμος
658 2832 688 2891 ἣν
698 2833 816 2894 'eunden
831 2833 939 2898 παλαιὸς,
950 2834 996 2884 berb
1007 2835 1080 2886 εἴκοσι
1095 2833 1135 2884 καὶ
1149 2834 1220 2886 πέντε
1238 2835 1297 2884 iris
1306 2837 1354 2882 ro'is
1366 2835 1425 2888 {aar

322 2917 439 2980 ἀξιοῦσθαι
449 2913 546 2964 κωλύων
555 2913 610 2964 roba
626 2913 731 2976 ἀγάμοις
740 2918 790 2965 τοῖς
800 2916 833 2978 μὴ
843 2914 965 2978 τοιούτοις,
975 2916 1027 2979 rspl
1038 2915 1105 2965 little
1113 2935 1143 2966 re
1152 2915 1242 2978 πολλὰ,
1257 2915 1295 2964 troi
1312 2913 1341 2963 rb
1351 2913 1426 2976 podir

323 2996 485 3060 aspiciencia
495 2994 668 3054 iratissumis
674 2996 708 3058 μὴ
716 2994 781 3058 ’γένει
792 2994 917 3058 ἒγγιπᾶοφ
926 2996 1095 3061 προσήκοντας·
1111 2995 1166 3047 τοὺς
1174 2995 1200 3046 δὲ
1210 2995 1316 3056 ἄπαιδας,
1336 2994 1426 3058 {apsis

322 3078 352 3126 rb
361 3078 490 3146 ἥμισσιτόν
506 3075 734 3138 καταλελειμμένον.

356 3160 542 3222 celibeaergo
551 3158 615 3208 nihil
627 3159 752 3222 capiunt:
769 3159 835 3208 adeo
845 3165 875 3209 nt
884 3159 1018 3224 scripserit
1026 3157 1163 3224 Ulpianus,
1179 3159 1187 3187 ‘
1201 3156 1293 3208 Cellbl
1305 3157 1425 3208 relictum

323 3240 438 3302 legatum
449 3239 650 3302 caducumtieri,
659 3239 710 3290 nisi
720 3240 771 3304 legi
781 3240 850 3290 intra
859 3247 965 3290 centum
977 3241 1033 3291 (lies
1044 3238 1178 3303 paruerit!
1210 3240 1246 3286 Et
1264 3238 1381 3301 respexit
1391 3235 1426 3286 ad

323 3318 370 3366 baa
389 3325 478 3379 penas
487 3318 655 3381 Plutarchus,
673 3319 761 3368 libello
779 3320 832 3380 sepi
842 3321 1018 3381 φιλοστοργίας.
1049 3317 1165 3378 Ῥωμαίων
1174 3316 1271 3376 πολλοὶ,
1279 3318 1372 3384 inquit,
1382 3334 1427 3380 γι·

323 3394 439 3458 μσΐισικσὶ
448 3399 571 3458 ymaro,
579 3396 682 3464 oix’ira
692 3396 850 3459 κληρονόμος
864 3397 958 3462 ἔχωσιν,
967 3399 1023 3448 ἀλλ’
1032 3397 1072 3448 ἵνα
1083 3399 1235 3462 κληρονομεῖν
1245 3396 1372 3448 divorsas:
1397 3398 1424 3448 id

324 3483 375 3540 est,
391 3477 551 3526 mmmmm
559 3477 665 3539 plerique
672 3492 757 3525 acures
771 3480 857 3526 ducunt
868 3484 892 3528 et
902 3479 986 3528 liberos
995 3483 1084 3538 unat,
1099 3494 1148 3528 rtott
1167 3483 1194 3528 al
1211 3477 1306 3528 heredes
1315 3477 1426 3538 bolum,

323 3560 364 3608 sed
382 3562 410 3606 et
427 3557 522 3606 ieredes
533 3557 581 3624 ipsi
592 3572 639 3606 esse
656 3558 753 3620 ponint.
786 3558 845 3608 Nec
856 3573 921 3608 vanc
938 3559 1050 3623 imputat
1068 3559 1170 3608 adulter
1189 3557 1258 3622 apud
1277 3557 1426 3622 satyricum

323 3639 431 3688 marito:
450 3641 458 3665 ‘
469 3643 578 3701 propter
588 3653 630 3688 me
641 3638 761 3688 scriberis
772 3638 858 3700 berea,
877 3639 1005 3703 Legatum
1018 3654 1093 3690 omne
1104 3641 1186 3704 capis,
1196 3652 1297 3689 necnon
1309 3645 1336 3687 et
1347 3638 1427 3690 dulce

324 3717 467 3768 caducum!
498 3718 674 3767 Tertullianus
696 3717 730 3766 de
749 3717 928 3780 Monogamia:
945 3720 1042 3770 ‘Aliud
1065 3722 1145 3771 estol
1164 3729 1193 3771 et
1214 3721 1282 3786 apud
1295 3720 1426 3770 Christum

262 3847 274 3858 ,
324 3799 438 3862 Legibus
449 3798 527 3849 iuliis
538 3798 582 3861 agi
593 3797 713 3860 credunt,
723 3804 751 3846 et
762 3798 912 3850 existimant
934 3801 1047 3863 celibes,
1063 3808 1091 3850 et
1113 3801 1190 3850 urbm
1212 3816 1245 3851 ex
1267 3804 1427 3850 testamento

324 3878 374 3926 Dei
392 3878 501 3927 solidum
520 3892 572 3927 non
584 3892 658 3941 posse
669 3878 782 3941 capere!
815 3878 879 3930 Ideo
899 3881 976 3930 toties
996 3881 1064 3945 apud
1075 3881 1279 3932 iurisconsultus
1300 3879 1334 3928 de
1349 3878 1427 3928 solidi

324 3956 445 4018 captione
457 3959 553 4008 lectum
564 3960 752 4024 quesitumque
763 3966 793 4009 ut
810 3961 827 4010 1.
840 3973 907 4010 axrr.
925 3962 941 4008 l.
956 3973 1076 4010 axxvrrr.
1093 3961 1133 4010 De
1151 3962 1207 4011 lter.
1218 3961 1280 4010 inst.
1298 3960 1317 4010 l.
1329 3973 1367 4010 vt.
1384 3959 1428 4008 Do

325 4036 396 4098 vulg.
408 4045 435 4085 et
446 4039 641 4101 pupilsobatit.
659 4042 676 4089 l.
688 4054 737 4089 atr.
753 4043 777 4105 ς.
796 4041 841 4091 fin.
859 4040 899 4102 De
912 4041 974 4103 jure
992 4040 1063 4091 fisci:
1081 4057 1139 4106 qum
1159 4041 1245 4090 omnia
1266 4041 1371 4105 proprie
1391 4039 1427 4089 sd

325 4113 404 4163 orbos
421 4124 542 4179 spectant
569 4128 708 4185 patresque
728 4121 866 4177 solitarios.
899 4120 1030 4185 Quidquid
1052 4129 1139 4171 sortem
1162 4121 1209 4170 ltoc
1231 4120 1307 4170 modo
1330 4125 1428 4182 praeter

326 4195 410 4258 legem
432 4196 544 4259 legatum
565 4206 611 4250 ant
631 4199 761 4266 relictum,
776 4200 904 4251 caducum
914 4199 1004 4266 flebat,
1014 4201 1122 4267 ibatque
1139 4201 1166 4252 in
1184 4201 1292 4252 fiscum:
1314 4197 1427 4266 ideoque
