<?xml version="1.0" encoding="UTF-8"?>
<!DOCTYPE html PUBLIC "-//W3C//DTD XHTML 1.0 Transitional//EN"
    "http://www.w3.org/TR/xhtml1/DTD/xhtml1-transitional.dtd">
<html xmlns="http://www.w3.org/1999/xhtml" xml:lang="en" lang="en">
 <head>
  <title>
</title>
<meta http-equiv="Content-Type" content="text/html;charset=utf-8" />
  <meta name='ocr-system' content='tesseract 3.04.00' />
  <meta name='ocr-capabilities' content='ocr_page ocr_carea ocr_par ocr_line ocrx_word'/>
</head>
<body>
  <div class='ocr_page' id='page_1' title='image "./operaomnia04tacigoog/operaomnia04tacigoog_0126.png"; bbox 0 0 3200 4917; ppageno 0'>
   <div class='ocr_carea' id='block_1_1' title="bbox 210 409 1047 486">
    <p class='ocr_par' dir='ltr' id='par_1_1' title="bbox 210 409 1047 486">
     <span class='ocr_line' id='line_1_1' title="bbox 210 409 1047 486; baseline -0.001 -10"><span class='ocrx_word' id='word_1_1' title='bbox 210 481 213 486; x_wconf 65' lang='grc'><strong>,</strong></span> <span class='ocrx_word' id='word_1_2' title='bbox 303 409 391 476; x_wconf 78' lang='lat' dir='ltr'>stes</span> <span class='ocrx_word' id='word_1_3' title='bbox 482 451 488 458; x_wconf 88' lang='lat'><em>-</em></span> <span class='ocrx_word' id='word_1_4' title='bbox 657 425 822 476; x_wconf 81' lang='lat' dir='ltr'>r.s1rssr</span> <span class='ocrx_word' id='word_1_5' title='bbox 850 425 1047 478; x_wconf 78' lang='lat' dir='ltr'>excursus</span> 
     </span>
    </p>
   </div>
   <div class='ocr_carea' id='block_1_2' title="bbox 835 760 868 809">
    <p class='ocr_par' dir='ltr' id='par_1_2' title="bbox 835 760 868 809">
     <span class='ocr_line' id='line_1_2' title="bbox 835 760 868 809; baseline 0.03 -1"><span class='ocrx_word' id='word_1_6' title='bbox 835 760 868 809; x_wconf 91' lang='lat' dir='ltr'>B.</span> 
     </span>
    </p>
   </div>
   <div class='ocr_carea' id='block_1_3' title="bbox 286 878 1402 3433">
    <p class='ocr_par' dir='ltr' id='par_1_3' title="bbox 286 878 1402 3433">
     <span class='ocr_line' id='line_1_3' title="bbox 336 878 1401 953; baseline -0.01 -12"><span class='ocrx_word' id='word_1_7' title='bbox 336 890 456 941; x_wconf 70' lang='lat' dir='ltr'>Cumw.</span> <span class='ocrx_word' id='word_1_8' title='bbox 478 890 511 939; x_wconf 84' lang='lat' dir='ltr'>ln</span> <span class='ocrx_word' id='word_1_9' title='bbox 530 887 676 953; x_wconf 83' lang='lat' dir='ltr'>provincias</span> <span class='ocrx_word' id='word_1_10' title='bbox 692 885 803 937; x_wconf 79' lang='lat' dir='ltr'>Cressris</span> <span class='ocrx_word' id='word_1_11' title='bbox 821 887 881 936; x_wconf 86' lang='lat' dir='ltr'>olim</span> <span class='ocrx_word' id='word_1_12' title='bbox 903 885 995 948; x_wconf 74' lang='lat' dir='ltr'>Legati</span> <span class='ocrx_word' id='word_1_13' title='bbox 1013 883 1252 946; x_wconf 86' lang='lat' dir='ltr'>antProprretores</span> <span class='ocrx_word' id='word_1_14' title='bbox 1272 878 1358 930; x_wconf 83' lang='lat' dir='ltr'>missi:</span> <span class='ocrx_word' id='word_1_15' title='bbox 1374 880 1401 930; x_wconf 88' lang='lat' dir='ltr'>iu</span> 
     </span>
     <span class='ocr_line' id='line_1_4' title="bbox 301 962 1402 1033; baseline -0.009 -15"><span class='ocrx_word' id='word_1_16' title='bbox 301 971 449 1033; x_wconf 84' lang='lat' dir='ltr'>provincias</span> <span class='ocrx_word' id='word_1_17' title='bbox 459 970 518 1020; x_wconf 82' lang='lat' dir='ltr'>dico</span> <span class='ocrx_word' id='word_1_18' title='bbox 528 971 650 1033; x_wconf 88' lang='lat' dir='ltr'>majores.</span> <span class='ocrx_word' id='word_1_19' title='bbox 684 969 750 1018; x_wconf 89' lang='lat' dir='ltr'>Nam</span> <span class='ocrx_word' id='word_1_20' title='bbox 761 967 878 1032; x_wconf 76' lang='lat' dir='ltr'>qnaerlsm</span> <span class='ocrx_word' id='word_1_21' title='bbox 887 967 997 1015; x_wconf 70' lang='lat' dir='ltr'>minores</span> <span class='ocrx_word' id='word_1_22' title='bbox 1008 979 1056 1014; x_wconf 88' lang='lat' dir='ltr'>uec</span> <span class='ocrx_word' id='word_1_23' title='bbox 1066 971 1145 1013; x_wconf 75' lang='lat' dir='ltr'>tantas</span> <span class='ocrx_word' id='word_1_24' title='bbox 1157 963 1202 1024; x_wconf 90' lang='lat' dir='ltr'>rei,</span> <span class='ocrx_word' id='word_1_25' title='bbox 1213 962 1402 1010; x_wconf 69' lang='lat' dir='ltr'>Procuratores</span> 
     </span>
     <span class='ocr_line' id='line_1_5' title="bbox 302 1042 1402 1113; baseline -0.007 -15"><span class='ocrx_word' id='word_1_26' title='bbox 302 1050 393 1099; x_wconf 83' lang='lat' dir='ltr'>saltem</span> <span class='ocrx_word' id='word_1_27' title='bbox 405 1056 572 1113; x_wconf 87' lang='lat' dir='ltr'>acceperunt.</span> <span class='ocrx_word' id='word_1_28' title='bbox 605 1051 719 1100; x_wconf 82' lang='lat' dir='ltr'>Quonim</span> <span class='ocrx_word' id='word_1_29' title='bbox 736 1049 898 1111; x_wconf 71' lang='lat' dir='ltr'>precipuum</span> <span class='ocrx_word' id='word_1_30' title='bbox 910 1061 941 1094; x_wconf 88' lang='lat' dir='ltr'>ac</span> <span class='ocrx_word' id='word_1_31' title='bbox 952 1045 1085 1108; x_wconf 89' lang='lat' dir='ltr'>proprium</span> <span class='ocrx_word' id='word_1_32' title='bbox 1096 1057 1203 1103; x_wconf 87' lang='lat' dir='ltr'>munus;</span> <span class='ocrx_word' id='word_1_33' title='bbox 1220 1049 1248 1091; x_wconf 86' lang='lat' dir='ltr'>ot</span> <span class='ocrx_word' id='word_1_34' title='bbox 1259 1042 1357 1090; x_wconf 89' lang='lat' dir='ltr'>reditus</span> <span class='ocrx_word' id='word_1_35' title='bbox 1371 1055 1402 1090; x_wconf 87' lang='lat' dir='ltr'>ae</span> 
     </span>
     <span class='ocr_line' id='line_1_6' title="bbox 301 1120 1401 1194; baseline -0.007 -16"><span class='ocrx_word' id='word_1_36' title='bbox 301 1130 402 1180; x_wconf 86' lang='lat' dir='ltr'>tributa</span> <span class='ocrx_word' id='word_1_37' title='bbox 413 1130 576 1194; x_wconf 66' lang='lat' dir='ltr'>colligerent,</span> <span class='ocrx_word' id='word_1_38' title='bbox 585 1130 687 1193; x_wconf 88' lang='lat' dir='ltr'>aliaque</span> <span class='ocrx_word' id='word_1_39' title='bbox 699 1143 756 1192; x_wconf 84' lang='lat' dir='ltr'>quse</span> <span class='ocrx_word' id='word_1_40' title='bbox 766 1127 800 1176; x_wconf 86' lang='lat' dir='ltr'>ad</span> <span class='ocrx_word' id='word_1_41' title='bbox 811 1127 917 1176; x_wconf 84' lang='lat' dir='ltr'>liscum:</span> <span class='ocrx_word' id='word_1_42' title='bbox 935 1126 980 1175; x_wconf 87' lang='lat' dir='ltr'>sed</span> <span class='ocrx_word' id='word_1_43' title='bbox 993 1126 1122 1190; x_wconf 86' lang='lat' dir='ltr'>quoniam,</span> <span class='ocrx_word' id='word_1_44' title='bbox 1134 1125 1202 1172; x_wconf 89' lang='lat' dir='ltr'>nullo</span> <span class='ocrx_word' id='word_1_45' title='bbox 1213 1123 1261 1172; x_wconf 89' lang='lat' dir='ltr'>alio</span> <span class='ocrx_word' id='word_1_46' title='bbox 1273 1120 1401 1183; x_wconf 79' lang='lat' dir='ltr'>Praeside,</span> 
     </span>
     <span class='ocr_line' id='line_1_7' title="bbox 301 1202 1399 1272; baseline -0.004 -16"><span class='ocrx_word' id='word_1_47' title='bbox 301 1219 424 1272; x_wconf 73' lang='lat' dir='ltr'>resssrpe</span> <span class='ocrx_word' id='word_1_48' title='bbox 434 1209 545 1272; x_wconf 76' lang='lat' dir='ltr'>cogebat</span> <span class='ocrx_word' id='word_1_49' title='bbox 556 1209 600 1270; x_wconf 83' lang='lat' dir='ltr'>jus</span> <span class='ocrx_word' id='word_1_50' title='bbox 617 1209 687 1256; x_wconf 89' lang='lat' dir='ltr'>iuter</span> <span class='ocrx_word' id='word_1_51' title='bbox 697 1207 868 1271; x_wconf 67' lang='lat' dir='ltr'>provinciales</span> <span class='ocrx_word' id='word_1_52' title='bbox 880 1205 941 1264; x_wconf 85' lang='lat' dir='ltr'>dici,</span> <span class='ocrx_word' id='word_1_53' title='bbox 958 1206 1036 1256; x_wconf 86' lang='lat' dir='ltr'>etiam</span> <span class='ocrx_word' id='word_1_54' title='bbox 1054 1205 1080 1254; x_wconf 92' lang='lat' dir='ltr'>in</span> <span class='ocrx_word' id='word_1_55' title='bbox 1093 1219 1121 1253; x_wconf 91' lang='lat' dir='ltr'>re</span> <span class='ocrx_word' id='word_1_56' title='bbox 1133 1204 1284 1262; x_wconf 76' lang='lat' dir='ltr'>criminnm3</span> <span class='ocrx_word' id='word_1_57' title='bbox 1301 1202 1399 1252; x_wconf 82' lang='lat' dir='ltr'>sactum</span> 
     </span>
     <span class='ocr_line' id='line_1_8' title="bbox 301 1283 1401 1352; baseline -0.005 -15"><span class='ocrx_word' id='word_1_58' title='bbox 301 1297 330 1337; x_wconf 91' lang='lat' dir='ltr'>ut</span> <span class='ocrx_word' id='word_1_59' title='bbox 339 1288 545 1352; x_wconf 86' lang='lat' dir='ltr'>jurisdictionem</span> <span class='ocrx_word' id='word_1_60' title='bbox 556 1288 667 1350; x_wconf 83' lang='lat' dir='ltr'>aliquam</span> <span class='ocrx_word' id='word_1_61' title='bbox 686 1286 734 1336; x_wconf 87' lang='lat' dir='ltr'>sibi</span> <span class='ocrx_word' id='word_1_62' title='bbox 751 1293 891 1349; x_wconf 88' lang='lat' dir='ltr'>sumerent,</span> <span class='ocrx_word' id='word_1_63' title='bbox 910 1285 1053 1336; x_wconf 77' lang='lat' dir='ltr'>Praesidum</span> <span class='ocrx_word' id='word_1_64' title='bbox 1065 1285 1193 1348; x_wconf 85' lang='lat' dir='ltr'>exemplo.</span> <span class='ocrx_word' id='word_1_65' title='bbox 1226 1283 1256 1333; x_wconf 86' lang='lat' dir='ltr'>ld</span> <span class='ocrx_word' id='word_1_66' title='bbox 1274 1283 1401 1334; x_wconf 86' lang='lat' dir='ltr'>Procura-</span> 
     </span>
     <span class='ocr_line' id='line_1_9' title="bbox 288 1362 1400 1429; baseline -0.005 -11"><span class='ocrx_word' id='word_1_67' title='bbox 288 1375 385 1418; x_wconf 78' lang='lat' dir='ltr'>torem</span> <span class='ocrx_word' id='word_1_68' title='bbox 396 1378 485 1429; x_wconf 68' lang='lat' dir='ltr'>genus,</span> <span class='ocrx_word' id='word_1_69' title='bbox 501 1377 569 1417; x_wconf 80' lang='lat' dir='ltr'>uotae</span> <span class='ocrx_word' id='word_1_70' title='bbox 581 1375 609 1417; x_wconf 89' lang='lat' dir='ltr'>et</span> <span class='ocrx_word' id='word_1_71' title='bbox 628 1367 782 1416; x_wconf 68' lang='lat' dir='ltr'>discriminis</span> <span class='ocrx_word' id='word_1_72' title='bbox 793 1381 893 1428; x_wconf 82' lang='lat' dir='ltr'>canses,</span> <span class='ocrx_word' id='word_1_73' title='bbox 912 1366 978 1416; x_wconf 91' lang='lat' dir='ltr'>dicti</span> <span class='ocrx_word' id='word_1_74' title='bbox 990 1364 1085 1428; x_wconf 86' lang='lat' dir='ltr'>passim</span> <span class='ocrx_word' id='word_1_75' title='bbox 1101 1366 1128 1414; x_wconf 89' lang='lat' dir='ltr'>in</span> <span class='ocrx_word' id='word_1_76' title='bbox 1140 1363 1316 1426; x_wconf 77' lang='lat' dir='ltr'>librislegum‚</span> <span class='ocrx_word' id='word_1_77' title='bbox 1335 1362 1400 1412; x_wconf 90' lang='lat' dir='ltr'>Pro-</span> 
     </span>
     <span class='ocr_line' id='line_1_10' title="bbox 300 1443 1397 1509; baseline -0.004 -13"><span class='ocrx_word' id='word_1_78' title='bbox 300 1457 433 1497; x_wconf 88' lang='lat' dir='ltr'>curatores</span> <span class='ocrx_word' id='word_1_79' title='bbox 444 1449 502 1497; x_wconf 86' lang='lat' dir='ltr'>rice</span> <span class='ocrx_word' id='word_1_80' title='bbox 514 1447 646 1509; x_wconf 71' lang='lat' dir='ltr'>Presidio,</span> <span class='ocrx_word' id='word_1_81' title='bbox 662 1454 707 1497; x_wconf 88' lang='lat' dir='ltr'>aut</span> <span class='ocrx_word' id='word_1_82' title='bbox 723 1462 782 1496; x_wconf 91' lang='lat' dir='ltr'>cum</span> <span class='ocrx_word' id='word_1_83' title='bbox 793 1453 938 1509; x_wconf 90' lang='lat' dir='ltr'>potestate:</span> <span class='ocrx_word' id='word_1_84' title='bbox 960 1452 988 1494; x_wconf 90' lang='lat' dir='ltr'>ut</span> <span class='ocrx_word' id='word_1_85' title='bbox 1007 1446 1024 1493; x_wconf 88' lang='lat' dir='ltr'>l.</span> <span class='ocrx_word' id='word_1_86' title='bbox 1038 1459 1069 1494; x_wconf 91' lang='grc' dir='ltr'>ιι.</span> <span class='ocrx_word' id='word_1_87' title='bbox 1081 1445 1111 1494; x_wconf 85' lang='lat' dir='ltr'>C.</span> <span class='ocrx_word' id='word_1_88' title='bbox 1124 1444 1164 1493; x_wconf 79' lang='lat' dir='ltr'>ue</span> <span class='ocrx_word' id='word_1_89' title='bbox 1176 1444 1266 1508; x_wconf 83' lang='lat' dir='ltr'>poeuis.</span> <span class='ocrx_word' id='word_1_90' title='bbox 1284 1443 1300 1491; x_wconf 91' lang='lat' dir='ltr'>l.</span> <span class='ocrx_word' id='word_1_91' title='bbox 1312 1455 1355 1494; x_wconf 93' lang='grc' dir='ltr'><strong>ιιι.</strong></span> <span class='ocrx_word' id='word_1_92' title='bbox 1367 1443 1397 1494; x_wconf 84' lang='lat' dir='ltr'>C.</span> 
     </span>
     <span class='ocr_line' id='line_1_11' title="bbox 300 1525 1399 1591; baseline -0.005 -14"><span class='ocrx_word' id='word_1_93' title='bbox 300 1528 354 1578; x_wconf 83' lang='lat' dir='ltr'>Uiri</span> <span class='ocrx_word' id='word_1_94' title='bbox 365 1542 448 1577; x_wconf 85' lang='lat' dir='ltr'>cauas.</span> <span class='ocrx_word' id='word_1_95' title='bbox 466 1527 523 1578; x_wconf 85' lang='lat' dir='ltr'>fisc.</span> <span class='ocrx_word' id='word_1_96' title='bbox 541 1529 559 1577; x_wconf 88' lang='lat' dir='ltr'>l.</span> <span class='ocrx_word' id='word_1_97' title='bbox 570 1540 609 1578; x_wconf 81' lang='lat' dir='ltr'>rr.</span> <span class='ocrx_word' id='word_1_98' title='bbox 621 1529 652 1577; x_wconf 85' lang='lat' dir='ltr'>C.</span> <span class='ocrx_word' id='word_1_99' title='bbox 670 1525 711 1576; x_wconf 77' lang='lat' dir='ltr'>Ad</span> <span class='ocrx_word' id='word_1_100' title='bbox 724 1528 866 1591; x_wconf 60' lang='lat' dir='ltr'>leg.‚l·&#39;las.</span> <span class='ocrx_word' id='word_1_101' title='bbox 877 1527 910 1576; x_wconf 86' lang='lat' dir='ltr'>de</span> <span class='ocrx_word' id='word_1_102' title='bbox 922 1529 991 1590; x_wconf 73' lang='lat' dir='ltr'>plag.</span> <span class='ocrx_word' id='word_1_103' title='bbox 1008 1526 1081 1587; x_wconf 82' lang='lat' dir='ltr'>Dixi,</span> <span class='ocrx_word' id='word_1_104' title='bbox 1095 1525 1303 1588; x_wconf 82' lang='lat' dir='ltr'>jurisdictionem</span> <span class='ocrx_word' id='word_1_105' title='bbox 1316 1537 1399 1572; x_wconf 86' lang='lat' dir='ltr'>sume·</span> 
     </span>
     <span class='ocr_line' id='line_1_12' title="bbox 299 1605 1399 1672; baseline -0.002 -15"><span class='ocrx_word' id='word_1_106' title='bbox 299 1614 374 1659; x_wconf 77' lang='lat' dir='ltr'>rente</span> <span class='ocrx_word' id='word_1_107' title='bbox 390 1609 559 1658; x_wconf 69' lang='lat' dir='ltr'>reverterim</span> <span class='ocrx_word' id='word_1_108' title='bbox 571 1623 623 1656; x_wconf 89' lang='lat' dir='ltr'>uon</span> <span class='ocrx_word' id='word_1_109' title='bbox 633 1607 770 1658; x_wconf 76' lang='lat' dir='ltr'>habebant.</span> <span class='ocrx_word' id='word_1_110' title='bbox 806 1609 914 1672; x_wconf 83' lang='lat' dir='ltr'>Equites</span> <span class='ocrx_word' id='word_1_111' title='bbox 929 1608 1048 1672; x_wconf 90' lang='lat' dir='ltr'>quonism</span> <span class='ocrx_word' id='word_1_112' title='bbox 1068 1613 1144 1656; x_wconf 85' lang='lat' dir='ltr'>erant</span> <span class='ocrx_word' id='word_1_113' title='bbox 1162 1613 1208 1655; x_wconf 92' lang='lat' dir='ltr'>aut</span> <span class='ocrx_word' id='word_1_114' title='bbox 1224 1605 1321 1654; x_wconf 88' lang='lat' dir='ltr'>liberti.</span> <span class='ocrx_word' id='word_1_115' title='bbox 1353 1607 1399 1655; x_wconf 86' lang='lat' dir='ltr'>Ta·</span> 
     </span>
     <span class='ocr_line' id='line_1_13' title="bbox 298 1686 1397 1753; baseline -0.003 -15"><span class='ocrx_word' id='word_1_116' title='bbox 298 1689 368 1738; x_wconf 89' lang='lat' dir='ltr'>citus</span> <span class='ocrx_word' id='word_1_117' title='bbox 378 1689 404 1737; x_wconf 87' lang='lat' dir='ltr'>in</span> <span class='ocrx_word' id='word_1_118' title='bbox 414 1689 469 1738; x_wconf 84' lang='lat' dir='ltr'>sita</span> <span class='ocrx_word' id='word_1_119' title='bbox 476 1688 606 1752; x_wconf 77' lang='lat' dir='ltr'>Agricolae</span> <span class='ocrx_word' id='word_1_120' title='bbox 615 1707 622 1738; x_wconf 77' lang='lat' dir='ltr'>z</span> <span class='ocrx_word' id='word_1_121' title='bbox 640 1690 649 1717; x_wconf 87' lang='lat'>‘</span> <span class='ocrx_word' id='word_1_122' title='bbox 661 1696 797 1753; x_wconf 86' lang='lat' dir='ltr'>utrumque</span> <span class='ocrx_word' id='word_1_123' title='bbox 805 1704 880 1738; x_wconf 86' lang='lat' dir='ltr'>auum</span> <span class='ocrx_word' id='word_1_124' title='bbox 889 1689 978 1738; x_wconf 87' lang='lat' dir='ltr'>habuit</span> <span class='ocrx_word' id='word_1_125' title='bbox 988 1694 1181 1752; x_wconf 80' lang='lat' dir='ltr'>procuratorem</span> <span class='ocrx_word' id='word_1_126' title='bbox 1191 1686 1397 1750; x_wconf 63' lang='lat' dir='ltr'>Caesarumque</span> 
     </span>
     <span class='ocr_line' id='line_1_14' title="bbox 298 1767 1396 1832; baseline -0.001 -14"><span class='ocrx_word' id='word_1_127' title='bbox 298 1769 426 1832; x_wconf 85' lang='lat' dir='ltr'>equestris</span> <span class='ocrx_word' id='word_1_128' title='bbox 436 1768 626 1820; x_wconf 72' lang='lat' dir='ltr'>contritusest!</span> <span class='ocrx_word' id='word_1_129' title='bbox 660 1769 713 1818; x_wconf 88' lang='lat' dir='ltr'>Dio</span> <span class='ocrx_word' id='word_1_130' title='bbox 724 1771 743 1818; x_wconf 83' lang='lat' dir='ltr'>l.</span> <span class='ocrx_word' id='word_1_131' title='bbox 755 1783 816 1818; x_wconf 84' lang='lat' dir='ltr'>urs.</span> <span class='ocrx_word' id='word_1_132' title='bbox 841 1769 887 1818; x_wconf 65' lang='lat' dir='ltr'>unt</span> <span class='ocrx_word' id='word_1_133' title='bbox 896 1768 952 1818; x_wconf 78' lang='lat' dir='ltr'>rods</span> <span class='ocrx_word' id='word_1_134' title='bbox 962 1767 1099 1830; x_wconf 66' lang='grc' dir='ltr'>ἐπιτρόπους</span> <span class='ocrx_word' id='word_1_135' title='bbox 1109 1769 1172 1830; x_wconf 92' lang='lat' dir='ltr'>[non</span> <span class='ocrx_word' id='word_1_136' title='bbox 1184 1774 1256 1816; x_wconf 86' lang='lat' dir='ltr'>recte</span> <span class='ocrx_word' id='word_1_137' title='bbox 1268 1767 1396 1831; x_wconf 87' lang='lat' dir='ltr'>interpres</span> 
     </span>
     <span class='ocr_line' id='line_1_15' title="bbox 297 1845 1397 1913; baseline -0.001 -16"><span class='ocrx_word' id='word_1_138' title='bbox 297 1850 379 1898; x_wconf 83' lang='lat' dir='ltr'>vertit</span> <span class='ocrx_word' id='word_1_139' title='bbox 391 1849 537 1912; x_wconf 77' lang='lat' dir='ltr'>Carutora],</span> <span class='ocrx_word' id='word_1_140' title='bbox 546 1850 607 1898; x_wconf 77' lang='lat' dir='ltr'>circs</span> <span class='ocrx_word' id='word_1_141' title='bbox 617 1849 664 1913; x_wconf 67' lang='grc' dir='ltr'>γὰρ</span> <span class='ocrx_word' id='word_1_142' title='bbox 673 1849 728 1898; x_wconf 76' lang='lat' dir='ltr'>roim</span> <span class='ocrx_word' id='word_1_143' title='bbox 737 1847 781 1899; x_wconf 74' lang='grc' dir='ltr'>τάς</span> <span class='ocrx_word' id='word_1_144' title='bbox 790 1867 818 1898; x_wconf 76' lang='grc' dir='ltr'>τε</span> <span class='ocrx_word' id='word_1_145' title='bbox 828 1849 906 1898; x_wconf 71' lang='grc' dir='ltr'>κοινὰς</span> <span class='ocrx_word' id='word_1_146' title='bbox 911 1847 1038 1912; x_wconf 69' lang='grc' dir='ltr'><strong><em>προσόδους</em></strong></span> <span class='ocrx_word' id='word_1_147' title='bbox 1049 1845 1191 1908; x_wconf 57' lang='lat' dir='ltr'>destrones</span> <span class='ocrx_word' id='word_1_148' title='bbox 1201 1846 1240 1895; x_wconf 85' lang='lat' dir='ltr'>ssl</span> <span class='ocrx_word' id='word_1_149' title='bbox 1249 1863 1397 1908; x_wconf 66' lang='lat' dir='ltr'>epocrsssp·</span> 
     </span>
     <span class='ocr_line' id='line_1_16' title="bbox 296 1925 1396 1992; baseline -0.004 -14"><span class='ocrx_word' id='word_1_150' title='bbox 296 1927 356 1988; x_wconf 69' lang='grc' dir='ltr'>μένοι</span> <span class='ocrx_word' id='word_1_151' title='bbox 365 1929 447 1991; x_wconf 71' lang='grc' dir='ltr'>σφίσιν</span> <span class='ocrx_word' id='word_1_152' title='bbox 456 1929 626 1980; x_wconf 66' lang='grc' dir='ltr'>ἀναλίσκονται</span> <span class='ocrx_word' id='word_1_153' title='bbox 636 1928 788 1992; x_wconf 65' lang='grc' dir='ltr'>ὀνομάζομεν,</span> <span class='ocrx_word' id='word_1_154' title='bbox 806 1930 830 1978; x_wconf 81' lang='lat' dir='ltr'>da</span> <span class='ocrx_word' id='word_1_155' title='bbox 839 1927 917 1978; x_wconf 72' lang='lat' dir='ltr'>eds-ra</span> <span class='ocrx_word' id='word_1_156' title='bbox 928 1927 1010 1988; x_wconf 75' lang='lat' dir='ltr'>duoles</span> <span class='ocrx_word' id='word_1_157' title='bbox 1018 1927 1051 1975; x_wconf 71' lang='lat' dir='ltr'>ri</span> <span class='ocrx_word' id='word_1_158' title='bbox 1061 1925 1124 1986; x_wconf 69' lang='lat' dir='ltr'>tom,</span> <span class='ocrx_word' id='word_1_159' title='bbox 1140 1925 1172 1973; x_wconf 70' lang='grc' dir='ltr'>τό</span> <span class='ocrx_word' id='word_1_160' title='bbox 1182 1943 1210 1974; x_wconf 83' lang='lat' dir='ltr'>rs</span> <span class='ocrx_word' id='word_1_161' title='bbox 1222 1926 1306 1974; x_wconf 72' lang='grc' dir='ltr'><strong><em>ἑαυτοῦ</em></strong></span> <span class='ocrx_word' id='word_1_162' title='bbox 1315 1926 1354 1974; x_wconf 82' lang='lat' dir='ltr'>rsl</span> <span class='ocrx_word' id='word_1_163' title='bbox 1363 1926 1396 1974; x_wconf 74' lang='grc' dir='ltr'>τὰ</span> 
     </span>
     <span class='ocr_line' id='line_1_17' title="bbox 295 2003 1393 2072; baseline -0.001 -15"><span class='ocrx_word' id='word_1_164' title='bbox 295 2010 340 2058; x_wconf 74' lang='grc' dir='ltr'>τοῦ</span> <span class='ocrx_word' id='word_1_165' title='bbox 350 2008 431 2072; x_wconf 63' lang='grc' dir='ltr'>δήμου,</span> <span class='ocrx_word' id='word_1_166' title='bbox 445 2009 502 2060; x_wconf 77' lang='lat' dir='ltr'>ruis</span> <span class='ocrx_word' id='word_1_167' title='bbox 510 2009 554 2070; x_wconf 71' lang='lat' dir='ltr'>pls</span> <span class='ocrx_word' id='word_1_168' title='bbox 573 2011 600 2060; x_wconf 77' lang='lat' dir='ltr'>du</span> <span class='ocrx_word' id='word_1_169' title='bbox 617 2013 665 2059; x_wconf 74' lang='grc' dir='ltr'>τᾶν</span> <span class='ocrx_word' id='word_1_170' title='bbox 682 2009 778 2069; x_wconf 64' lang='lat' dir='ltr'>hedos,</span> <span class='ocrx_word' id='word_1_171' title='bbox 793 2007 849 2058; x_wconf 78' lang='lat' dir='ltr'>ruiis</span> <span class='ocrx_word' id='word_1_172' title='bbox 868 2007 894 2058; x_wconf 78' lang='lat' dir='ltr'>dl</span> <span class='ocrx_word' id='word_1_173' title='bbox 914 2009 940 2057; x_wconf 80' lang='lat' dir='ltr'>ds</span> <span class='ocrx_word' id='word_1_174' title='bbox 949 2011 997 2058; x_wconf 74' lang='grc' dir='ltr'>τῶν</span> <span class='ocrx_word' id='word_1_175' title='bbox 1007 2003 1166 2070; x_wconf 64' lang='grc' dir='ltr'>ἀπελευθέρων</span> <span class='ocrx_word' id='word_1_176' title='bbox 1175 2005 1277 2068; x_wconf 69' lang='lat' dir='ltr'>ee&#39;pueq:</span> <span class='ocrx_word' id='word_1_177' title='bbox 1297 2007 1322 2056; x_wconf 82' lang='lat' dir='ltr'>id</span> <span class='ocrx_word' id='word_1_178' title='bbox 1336 2015 1393 2056; x_wconf 85' lang='lat' dir='ltr'>est:</span> 
     </span>
     <span class='ocr_line' id='line_1_18' title="bbox 295 2088 1396 2155; baseline -0.004 -15"><span class='ocrx_word' id='word_1_179' title='bbox 295 2089 465 2140; x_wconf 81' lang='lat' dir='ltr'>Pmcaretorcs</span> <span class='ocrx_word' id='word_1_180' title='bbox 474 2093 528 2154; x_wconf 83' lang='lat' dir='ltr'>(its</span> <span class='ocrx_word' id='word_1_181' title='bbox 539 2093 602 2140; x_wconf 79' lang='lat' dir='ltr'>esim</span> <span class='ocrx_word' id='word_1_182' title='bbox 616 2094 760 2155; x_wconf 73' lang='lat' dir='ltr'>appellamus</span> <span class='ocrx_word' id='word_1_183' title='bbox 770 2105 810 2140; x_wconf 83' lang='lat' dir='ltr'>ess</span> <span class='ocrx_word' id='word_1_184' title='bbox 820 2091 860 2154; x_wconf 85' lang='lat' dir='ltr'>qui</span> <span class='ocrx_word' id='word_1_185' title='bbox 874 2091 980 2154; x_wconf 81' lang='lat' dir='ltr'>publicos</span> <span class='ocrx_word' id='word_1_186' title='bbox 996 2091 1087 2138; x_wconf 81' lang='lat' dir='ltr'>reditus</span> <span class='ocrx_word' id='word_1_187' title='bbox 1104 2089 1218 2149; x_wconf 70' lang='lat' dir='ltr'>colligust</span> <span class='ocrx_word' id='word_1_188' title='bbox 1236 2088 1396 2151; x_wconf 60' lang='lat' dir='ltr'>coguntque)</span> 
     </span>
     <span class='ocr_line' id='line_1_19' title="bbox 295 2169 1399 2234; baseline 0.001 -17"><span class='ocrx_word' id='word_1_189' title='bbox 295 2171 409 2219; x_wconf 79' lang='grc' dir='ltr'>ιἰιοιοοιιο</span> <span class='ocrx_word' id='word_1_190' title='bbox 424 2171 559 2232; x_wconf 72' lang='lat' dir='ltr'>provincius</span> <span class='ocrx_word' id='word_1_191' title='bbox 576 2177 625 2220; x_wconf 73' lang='lat' dir='ltr'>sm</span> <span class='ocrx_word' id='word_1_192' title='bbox 642 2187 698 2220; x_wconf 84' lang='lat' dir='ltr'>susa</span> <span class='ocrx_word' id='word_1_193' title='bbox 714 2186 784 2234; x_wconf 81' lang='lat' dir='ltr'>quum</span> <span class='ocrx_word' id='word_1_194' title='bbox 799 2171 883 2234; x_wconf 87' lang='lat' dir='ltr'>populi</span> <span class='ocrx_word' id='word_1_195' title='bbox 904 2172 984 2219; x_wconf 82' lang='lat' dir='ltr'>Coescr</span> <span class='ocrx_word' id='word_1_196' title='bbox 1003 2170 1088 2232; x_wconf 82' lang='lat' dir='ltr'>mittit,</span> <span class='ocrx_word' id='word_1_197' title='bbox 1106 2171 1216 2231; x_wconf 84' lang='lat' dir='ltr'>qsoedcsrs</span> <span class='ocrx_word' id='word_1_198' title='bbox 1231 2183 1261 2217; x_wconf 82' lang='lat' dir='ltr'>ex</span> <span class='ocrx_word' id='word_1_199' title='bbox 1272 2169 1399 2232; x_wconf 80' lang='lat' dir='ltr'>equitibus,</span> 
     </span>
     <span class='ocr_line' id='line_1_20' title="bbox 295 2250 1395 2315; baseline 0 -17"><span class='ocrx_word' id='word_1_200' title='bbox 295 2251 405 2312; x_wconf 73' lang='lat' dir='ltr'>quosdam</span> <span class='ocrx_word' id='word_1_201' title='bbox 414 2265 427 2298; x_wconf 82' lang='lat' dir='ltr'>c</span> <span class='ocrx_word' id='word_1_202' title='bbox 437 2251 537 2301; x_wconf 66' lang='lat' dir='ltr'>uentu.</span> <span class='ocrx_word' id='word_1_203' title='bbox 569 2252 663 2314; x_wconf 90' lang='lat' dir='ltr'>ltsqoc</span> <span class='ocrx_word' id='word_1_204' title='bbox 681 2266 730 2300; x_wconf 87' lang='lat' dir='ltr'>nec</span> <span class='ocrx_word' id='word_1_205' title='bbox 744 2252 847 2315; x_wconf 89' lang='lat' dir='ltr'>judicia</span> <span class='ocrx_word' id='word_1_206' title='bbox 857 2265 906 2300; x_wconf 92' lang='lat' dir='ltr'>uec</span> <span class='ocrx_word' id='word_1_207' title='bbox 918 2261 978 2301; x_wconf 89' lang='lat' dir='ltr'>acta</span> <span class='ocrx_word' id='word_1_208' title='bbox 994 2265 1081 2300; x_wconf 90' lang='lat' dir='ltr'>eorum</span> <span class='ocrx_word' id='word_1_209' title='bbox 1094 2256 1161 2310; x_wconf 87' lang='lat' dir='ltr'>rata,</span> <span class='ocrx_word' id='word_1_210' title='bbox 1171 2250 1310 2314; x_wconf 83' lang='lat' dir='ltr'>vocarique</span> <span class='ocrx_word' id='word_1_211' title='bbox 1322 2259 1395 2312; x_wconf 90' lang='lat' dir='ltr'>pose·</span> 
     </span>
     <span class='ocr_line' id='line_1_21' title="bbox 295 2328 1394 2395; baseline 0.001 -18"><span class='ocrx_word' id='word_1_212' title='bbox 295 2336 355 2378; x_wconf 85' lang='lat' dir='ltr'>saut</span> <span class='ocrx_word' id='word_1_213' title='bbox 366 2329 399 2378; x_wconf 87' lang='lat' dir='ltr'>sd</span> <span class='ocrx_word' id='word_1_214' title='bbox 410 2330 615 2394; x_wconf 88' lang='lat' dir='ltr'>disquisitionem</span> <span class='ocrx_word' id='word_1_215' title='bbox 626 2330 758 2394; x_wconf 88' lang='lat' dir='ltr'>Principis</span> <span class='ocrx_word' id='word_1_216' title='bbox 777 2337 822 2380; x_wconf 86' lang='lat' dir='ltr'>aut</span> <span class='ocrx_word' id='word_1_217' title='bbox 842 2331 966 2380; x_wconf 85' lang='lat' dir='ltr'>Secutus:</span> <span class='ocrx_word' id='word_1_218' title='bbox 985 2331 1106 2395; x_wconf 87' lang='lat' dir='ltr'>quoniam</span> <span class='ocrx_word' id='word_1_219' title='bbox 1125 2331 1182 2390; x_wconf 70' lang='lat' dir='ltr'>lege</span> <span class='ocrx_word' id='word_1_220' title='bbox 1201 2328 1268 2392; x_wconf 89' lang='lat' dir='ltr'>apud</span> <span class='ocrx_word' id='word_1_221' title='bbox 1288 2343 1332 2378; x_wconf 92' lang='lat' dir='ltr'>eos</span> <span class='ocrx_word' id='word_1_222' title='bbox 1352 2329 1394 2394; x_wconf 77' lang='lat' dir='ltr'>egi</span> 
     </span>
     <span class='ocr_line' id='line_1_22' title="bbox 294 2409 1393 2476; baseline 0.001 -18"><span class='ocrx_word' id='word_1_223' title='bbox 294 2411 339 2472; x_wconf 90' lang='lat' dir='ltr'>(ut</span> <span class='ocrx_word' id='word_1_224' title='bbox 349 2409 381 2458; x_wconf 87' lang='lat' dir='ltr'>ad</span> <span class='ocrx_word' id='word_1_225' title='bbox 399 2425 463 2470; x_wconf 87' lang='lat' dir='ltr'>rem,</span> <span class='ocrx_word' id='word_1_226' title='bbox 482 2419 511 2460; x_wconf 90' lang='lat' dir='ltr'>et</span> <span class='ocrx_word' id='word_1_227' title='bbox 528 2410 680 2460; x_wconf 85' lang='lat' dir='ltr'>sollenniter</span> <span class='ocrx_word' id='word_1_228' title='bbox 698 2412 803 2475; x_wconf 88' lang='lat' dir='ltr'>loquar)</span> <span class='ocrx_word' id='word_1_229' title='bbox 819 2410 908 2461; x_wconf 82' lang='lat' dir='ltr'>nessa:</span> <span class='ocrx_word' id='word_1_230' title='bbox 925 2412 994 2476; x_wconf 91' lang='lat' dir='ltr'>apud</span> <span class='ocrx_word' id='word_1_231' title='bbox 1010 2412 1191 2474; x_wconf 75' lang='lat' dir='ltr'>magistratum</span> <span class='ocrx_word' id='word_1_232' title='bbox 1207 2410 1287 2458; x_wconf 90' lang='lat' dir='ltr'>solum</span> <span class='ocrx_word' id='word_1_233' title='bbox 1305 2411 1393 2474; x_wconf 88' lang='lat' dir='ltr'>populi</span> 
     </span>
     <span class='ocr_line' id='line_1_23' title="bbox 294 2488 1393 2554; baseline 0.003 -17"><span class='ocrx_word' id='word_1_234' title='bbox 294 2488 415 2552; x_wconf 85' lang='lat' dir='ltr'>Romani,</span> <span class='ocrx_word' id='word_1_235' title='bbox 431 2505 510 2553; x_wconf 82' lang='lat' dir='ltr'>prose</span> <span class='ocrx_word' id='word_1_236' title='bbox 521 2492 675 2553; x_wconf 72' lang='lat' dir='ltr'>magistratu</span> <span class='ocrx_word' id='word_1_237' title='bbox 686 2491 756 2541; x_wconf 87' lang='lat' dir='ltr'>actio</span> <span class='ocrx_word' id='word_1_238' title='bbox 771 2491 836 2554; x_wconf 77' lang='lat' dir='ltr'>legis</span> <span class='ocrx_word' id='word_1_239' title='bbox 848 2489 907 2552; x_wconf 81' lang='lat' dir='ltr'>suit,</span> <span class='ocrx_word' id='word_1_240' title='bbox 926 2502 955 2540; x_wconf 84' lang='lat' dir='ltr'>ut</span> <span class='ocrx_word' id='word_1_241' title='bbox 965 2491 1099 2552; x_wconf 89' lang='lat' dir='ltr'>Consules,</span> <span class='ocrx_word' id='word_1_242' title='bbox 1116 2489 1305 2549; x_wconf 79' lang='lat' dir='ltr'>Proconsules3</span> <span class='ocrx_word' id='word_1_243' title='bbox 1323 2489 1393 2540; x_wconf 75' lang='lat' dir='ltr'>Prte-</span> 
     </span>
     <span class='ocr_line' id='line_1_24' title="bbox 293 2569 1393 2636; baseline 0.001 -18"><span class='ocrx_word' id='word_1_244' title='bbox 293 2577 374 2632; x_wconf 85' lang='lat' dir='ltr'>tores,</span> <span class='ocrx_word' id='word_1_245' title='bbox 390 2569 588 2634; x_wconf 70' lang='lat' dir='ltr'>Proprntores:</span> <span class='ocrx_word' id='word_1_246' title='bbox 614 2572 658 2636; x_wconf 90' lang='lat' dir='ltr'>qui</span> <span class='ocrx_word' id='word_1_247' title='bbox 677 2587 765 2622; x_wconf 85' lang='lat' dir='ltr'>ornnes</span> <span class='ocrx_word' id='word_1_248' title='bbox 784 2587 799 2622; x_wconf 92' lang='lat' dir='ltr'>e</span> <span class='ocrx_word' id='word_1_249' title='bbox 820 2573 933 2621; x_wconf 84' lang='lat' dir='ltr'>Senatu:</span> <span class='ocrx_word' id='word_1_250' title='bbox 958 2572 1028 2634; x_wconf 88' lang='lat' dir='ltr'>apud</span> <span class='ocrx_word' id='word_1_251' title='bbox 1048 2571 1148 2634; x_wconf 87' lang='lat' dir='ltr'>equites</span> <span class='ocrx_word' id='word_1_252' title='bbox 1164 2584 1215 2620; x_wconf 87' lang='lat' dir='ltr'>non</span> <span class='ocrx_word' id='word_1_253' title='bbox 1233 2569 1293 2632; x_wconf 81' lang='lat' dir='ltr'>fult,</span> <span class='ocrx_word' id='word_1_254' title='bbox 1311 2571 1393 2624; x_wconf 84' lang='lat' dir='ltr'>multo</span> 
     </span>
     <span class='ocr_line' id='line_1_25' title="bbox 293 2648 1393 2716; baseline 0.002 -18"><span class='ocrx_word' id='word_1_255' title='bbox 293 2651 378 2700; x_wconf 89' lang='lat' dir='ltr'>minus</span> <span class='ocrx_word' id='word_1_256' title='bbox 388 2651 457 2715; x_wconf 88' lang='lat' dir='ltr'>apud</span> <span class='ocrx_word' id='word_1_257' title='bbox 468 2651 585 2702; x_wconf 88' lang='lat' dir='ltr'>libertos.</span> <span class='ocrx_word' id='word_1_258' title='bbox 619 2652 694 2712; x_wconf 80' lang='lat' dir='ltr'>Inter</span> <span class='ocrx_word' id='word_1_259' title='bbox 704 2654 806 2716; x_wconf 87' lang='lat' dir='ltr'>equites</span> <span class='ocrx_word' id='word_1_260' title='bbox 818 2651 922 2715; x_wconf 80' lang='lat' dir='ltr'>excipio</span> <span class='ocrx_word' id='word_1_261' title='bbox 935 2665 1012 2700; x_wconf 91' lang='lat' dir='ltr'>unum</span> <span class='ocrx_word' id='word_1_262' title='bbox 1025 2648 1184 2699; x_wconf 78' lang='lat' dir='ltr'>Praefectum</span> <span class='ocrx_word' id='word_1_263' title='bbox 1195 2649 1311 2712; x_wconf 75' lang='lat' dir='ltr'>AEgypti,</span> <span class='ocrx_word' id='word_1_264' title='bbox 1322 2650 1393 2713; x_wconf 88' lang='lat' dir='ltr'>apud</span> 
     </span>
     <span class='ocr_line' id='line_1_26' title="bbox 294 2729 1393 2797; baseline -0.001 -18"><span class='ocrx_word' id='word_1_265' title='bbox 294 2744 381 2794; x_wconf 86' lang='lat' dir='ltr'>quem,</span> <span class='ocrx_word' id='word_1_266' title='bbox 398 2738 428 2780; x_wconf 91' lang='lat' dir='ltr'>ut</span> <span class='ocrx_word' id='word_1_267' title='bbox 437 2732 545 2782; x_wconf 87' lang='lat' dir='ltr'>Tacitus</span> <span class='ocrx_word' id='word_1_268' title='bbox 556 2738 640 2794; x_wconf 88' lang='lat' dir='ltr'>notat,</span> <span class='ocrx_word' id='word_1_269' title='bbox 657 2733 715 2795; x_wconf 74' lang='lat' dir='ltr'>lege</span> <span class='ocrx_word' id='word_1_270' title='bbox 727 2732 768 2795; x_wconf 78' lang='lat' dir='ltr'>agi</span> <span class='ocrx_word' id='word_1_271' title='bbox 779 2731 898 2797; x_wconf 79' lang='lat' dir='ltr'>permisit</span> <span class='ocrx_word' id='word_1_272' title='bbox 909 2729 1053 2794; x_wconf 76' lang='lat' dir='ltr'>Augustus,</span> <span class='ocrx_word' id='word_1_273' title='bbox 1070 2730 1176 2779; x_wconf 87' lang='lat' dir='ltr'>decreto</span> <span class='ocrx_word' id='word_1_274' title='bbox 1188 2729 1296 2794; x_wconf 88' lang='lat' dir='ltr'>quodam</span> <span class='ocrx_word' id='word_1_275' title='bbox 1307 2731 1393 2794; x_wconf 72' lang='lat' dir='ltr'>singu·</span> 
     </span>
     <span class='ocr_line' id='line_1_27' title="bbox 291 2809 1392 2877; baseline 0 -17"><span class='ocrx_word' id='word_1_276' title='bbox 291 2809 350 2860; x_wconf 85' lang='lat' dir='ltr'>lari.</span> <span class='ocrx_word' id='word_1_277' title='bbox 382 2809 506 2861; x_wconf 82' lang='lat' dir='ltr'>Attamen</span> <span class='ocrx_word' id='word_1_278' title='bbox 519 2821 700 2876; x_wconf 74' lang='lat' dir='ltr'>procuratores</span> <span class='ocrx_word' id='word_1_279' title='bbox 712 2814 753 2862; x_wconf 83' lang='lat' dir='ltr'>isti</span> <span class='ocrx_word' id='word_1_280' title='bbox 765 2812 908 2877; x_wconf 79' lang='lat' dir='ltr'>provinciis</span> <span class='ocrx_word' id='word_1_281' title='bbox 920 2818 1059 2877; x_wconf 68' lang='lat' dir='ltr'>preerant,</span> <span class='ocrx_word' id='word_1_282' title='bbox 1075 2817 1103 2860; x_wconf 88' lang='lat' dir='ltr'>et</span> <span class='ocrx_word' id='word_1_283' title='bbox 1110 2811 1155 2873; x_wconf 89' lang='lat' dir='ltr'>jus</span> <span class='ocrx_word' id='word_1_284' title='bbox 1166 2825 1236 2874; x_wconf 77' lang='lat' dir='ltr'>serpe</span> <span class='ocrx_word' id='word_1_285' title='bbox 1249 2810 1392 2860; x_wconf 86' lang='lat' dir='ltr'>incrimine</span> 
     </span>
     <span class='ocr_line' id='line_1_28' title="bbox 286 2889 1392 2957; baseline 0.002 -18"><span class='ocrx_word' id='word_1_286' title='bbox 286 2897 321 2946; x_wconf 76' lang='lat' dir='ltr'>‚et</span> <span class='ocrx_word' id='word_1_287' title='bbox 339 2903 432 2941; x_wconf 88' lang='lat' dir='ltr'>caussa</span> <span class='ocrx_word' id='word_1_288' title='bbox 447 2893 541 2957; x_wconf 86' lang='lat' dir='ltr'>capitis</span> <span class='ocrx_word' id='word_1_289' title='bbox 560 2893 692 2944; x_wconf 72' lang='lat' dir='ltr'>dicebant.</span> <span class='ocrx_word' id='word_1_290' title='bbox 725 2893 878 2956; x_wconf 83' lang='lat' dir='ltr'>Exemplum</span> <span class='ocrx_word' id='word_1_291' title='bbox 897 2891 924 2942; x_wconf 92' lang='lat' dir='ltr'>iu</span> <span class='ocrx_word' id='word_1_292' title='bbox 943 2891 1040 2940; x_wconf 88' lang='lat' dir='ltr'>Pontio</span> <span class='ocrx_word' id='word_1_293' title='bbox 1057 2891 1101 2954; x_wconf 90' lang='lat' dir='ltr'>qul</span> <span class='ocrx_word' id='word_1_294' title='bbox 1120 2889 1220 2940; x_wconf 81' lang='lat' dir='ltr'>Judaese</span> <span class='ocrx_word' id='word_1_295' title='bbox 1239 2897 1392 2952; x_wconf 88' lang='lat' dir='ltr'>procurator</span> 
     </span>
     <span class='ocr_line' id='line_1_29' title="bbox 291 2969 1391 3037; baseline 0 -17"><span class='ocrx_word' id='word_1_296' title='bbox 291 2970 434 3034; x_wconf 85' lang='lat' dir='ltr'>(nonenim</span> <span class='ocrx_word' id='word_1_297' title='bbox 446 2972 484 3022; x_wconf 90' lang='lat' dir='ltr'>illi</span> <span class='ocrx_word' id='word_1_298' title='bbox 502 2974 641 3037; x_wconf 72' lang='lat' dir='ltr'>provincie</span> <span class='ocrx_word' id='word_1_299' title='bbox 659 2975 763 3037; x_wconf 84' lang='lat' dir='ltr'>proprie</span> <span class='ocrx_word' id='word_1_300' title='bbox 776 2973 892 3034; x_wconf 74' lang='lat' dir='ltr'>Praescs)</span> <span class='ocrx_word' id='word_1_301' title='bbox 910 2971 1064 3022; x_wconf 86' lang='lat' dir='ltr'>seutentiam</span> <span class='ocrx_word' id='word_1_302' title='bbox 1083 2971 1144 3020; x_wconf 89' lang='lat' dir='ltr'>tulit</span> <span class='ocrx_word' id='word_1_303' title='bbox 1160 2969 1193 3018; x_wconf 90' lang='lat' dir='ltr'>de</span> <span class='ocrx_word' id='word_1_304' title='bbox 1212 2970 1297 3032; x_wconf 84' lang='lat' dir='ltr'>capite</span> <span class='ocrx_word' id='word_1_305' title='bbox 1308 2971 1391 3020; x_wconf 89' lang='lat' dir='ltr'>nostri</span> 
     </span>
     <span class='ocr_line' id='line_1_30' title="bbox 290 3049 1391 3116; baseline -0.004 -15"><span class='ocrx_word' id='word_1_306' title='bbox 290 3052 396 3114; x_wconf 84' lang='lat' dir='ltr'>capitis,</span> <span class='ocrx_word' id='word_1_307' title='bbox 415 3052 511 3104; x_wconf 76' lang='lat' dir='ltr'>curssu</span> <span class='ocrx_word' id='word_1_308' title='bbox 528 3053 682 3107; x_wconf 78' lang='lat' dir='ltr'>servatoris:</span> <span class='ocrx_word' id='word_1_309' title='bbox 706 3054 826 3116; x_wconf 77' lang='lat' dir='ltr'>exempla</span> <span class='ocrx_word' id='word_1_310' title='bbox 845 3053 872 3102; x_wconf 91' lang='lat' dir='ltr'>in</span> <span class='ocrx_word' id='word_1_311' title='bbox 892 3051 1027 3111; x_wconf 88' lang='lat' dir='ltr'>Petronio,</span> <span class='ocrx_word' id='word_1_312' title='bbox 1045 3051 1168 3112; x_wconf 83' lang='lat' dir='ltr'>Cumano,</span> <span class='ocrx_word' id='word_1_313' title='bbox 1188 3049 1295 3114; x_wconf 85' lang='lat' dir='ltr'>aliisque</span> <span class='ocrx_word' id='word_1_314' title='bbox 1313 3051 1391 3113; x_wconf 72' lang='lat' dir='ltr'>vulgo</span> 
     </span>
     <span class='ocr_line' id='line_1_31' title="bbox 291 3129 1391 3199; baseline -0.001 -19"><span class='ocrx_word' id='word_1_315' title='bbox 291 3131 360 3195; x_wconf 86' lang='lat' dir='ltr'>apud</span> <span class='ocrx_word' id='word_1_316' title='bbox 372 3133 522 3197; x_wconf 85' lang='lat' dir='ltr'>Joscplruns.</span> <span class='ocrx_word' id='word_1_317' title='bbox 556 3135 682 3199; x_wconf 81' lang='lat' dir='ltr'>idemque</span> <span class='ocrx_word' id='word_1_318' title='bbox 697 3134 724 3184; x_wconf 86' lang='lat' dir='ltr'>lu</span> <span class='ocrx_word' id='word_1_319' title='bbox 741 3135 820 3183; x_wconf 81' lang='lat' dir='ltr'>certis</span> <span class='ocrx_word' id='word_1_320' title='bbox 839 3134 945 3182; x_wconf 87' lang='lat' dir='ltr'>minutis</span> <span class='ocrx_word' id='word_1_321' title='bbox 961 3131 1098 3196; x_wconf 84' lang='lat' dir='ltr'>provinciis</span> <span class='ocrx_word' id='word_1_322' title='bbox 1114 3129 1221 3191; x_wconf 78' lang='lat' dir='ltr'>lectrum,</span> <span class='ocrx_word' id='word_1_323' title='bbox 1239 3129 1332 3194; x_wconf 82' lang='lat' dir='ltr'>qulbus</span> <span class='ocrx_word' id='word_1_324' title='bbox 1352 3143 1391 3179; x_wconf 89' lang='lat' dir='ltr'>re·</span> 
     </span>
     <span class='ocr_line' id='line_1_32' title="bbox 292 3211 1389 3278; baseline 0.001 -19"><span class='ocrx_word' id='word_1_325' title='bbox 292 3211 384 3274; x_wconf 61' lang='lat' dir='ltr'>pendis</span> <span class='ocrx_word' id='word_1_326' title='bbox 395 3213 462 3262; x_wconf 86' lang='lat' dir='ltr'>solua</span> <span class='ocrx_word' id='word_1_327' title='bbox 473 3213 646 3264; x_wconf 80' lang='lat' dir='ltr'>Procurator:</span> <span class='ocrx_word' id='word_1_328' title='bbox 663 3228 771 3278; x_wconf 88' lang='lat' dir='ltr'>quarum</span> <span class='ocrx_word' id='word_1_329' title='bbox 787 3215 886 3278; x_wconf 83' lang='lat' dir='ltr'>aliquot</span> <span class='ocrx_word' id='word_1_330' title='bbox 895 3213 1002 3262; x_wconf 86' lang='lat' dir='ltr'>Tacitus</span> <span class='ocrx_word' id='word_1_331' title='bbox 1013 3212 1143 3262; x_wconf 83' lang='lat' dir='ltr'>recensuit</span> <span class='ocrx_word' id='word_1_332' title='bbox 1155 3211 1255 3260; x_wconf 81' lang='lat' dir='ltr'>Histor.</span> <span class='ocrx_word' id='word_1_333' title='bbox 1267 3223 1286 3260; x_wconf 88' lang='lat'>1.</span> <span class='ocrx_word' id='word_1_334' title='bbox 1303 3213 1310 3237; x_wconf 78' lang='lat'>⁸</span> <span class='ocrx_word' id='word_1_335' title='bbox 1323 3211 1389 3260; x_wconf 72' lang='lat' dir='ltr'>urm</span> 
     </span>
     <span class='ocr_line' id='line_1_33' title="bbox 291 3289 1390 3358; baseline 0 -20"><span class='ocrx_word' id='word_1_336' title='bbox 291 3289 474 3351; x_wconf 69' lang='lat' dir='ltr'>Mauretanioe,</span> <span class='ocrx_word' id='word_1_337' title='bbox 485 3292 594 3355; x_wconf 81' lang='lat' dir='ltr'>llbaetia,</span> <span class='ocrx_word' id='word_1_338' title='bbox 606 3294 740 3353; x_wconf 86' lang='lat' dir='ltr'>Noricum,</span> <span class='ocrx_word' id='word_1_339' title='bbox 750 3293 867 3354; x_wconf 84' lang='lat' dir='ltr'>Tbracia,</span> <span class='ocrx_word' id='word_1_340' title='bbox 887 3307 1004 3358; x_wconf 77' lang='lat' dir='ltr'>qumquae</span> <span class='ocrx_word' id='word_1_341' title='bbox 1017 3292 1075 3342; x_wconf 70' lang='lat' dir='ltr'>uliae</span> <span class='ocrx_word' id='word_1_342' title='bbox 1087 3289 1304 3340; x_wconf 86' lang='lat' dir='ltr'>Procuratoribus</span> <span class='ocrx_word' id='word_1_343' title='bbox 1321 3289 1390 3344; x_wconf 74' lang='lat' dir='ltr'>colli·</span> 
     </span>
     <span class='ocr_line' id='line_1_34' title="bbox 286 3367 1389 3433; baseline -0.002 -13"><span class='ocrx_word' id='word_1_344' title='bbox 286 3367 386 3420; x_wconf 81' lang='lat' dir='ltr'>beetur</span> <span class='ocrx_word' id='word_1_345' title='bbox 393 3367 408 3416; x_wconf 86' lang='lat'>:&#39;</span> <span class='ocrx_word' id='word_1_346' title='bbox 432 3376 461 3417; x_wconf 85' lang='lat' dir='ltr'>et</span> <span class='ocrx_word' id='word_1_347' title='bbox 477 3379 634 3432; x_wconf 70' lang='lat' dir='ltr'>praetereas</span> <span class='ocrx_word' id='word_1_348' title='bbox 650 3371 751 3420; x_wconf 87' lang='lat' dir='ltr'>notabis</span> <span class='ocrx_word' id='word_1_349' title='bbox 769 3371 875 3433; x_wconf 81' lang='lat' dir='ltr'>Alpium</span> <span class='ocrx_word' id='word_1_350' title='bbox 894 3371 1081 3419; x_wconf 85' lang='lat' dir='ltr'>maritimarum</span> <span class='ocrx_word' id='word_1_351' title='bbox 1099 3369 1307 3432; x_wconf 80' lang='lat' dir='ltr'>Procuratorem,</span> <span class='ocrx_word' id='word_1_352' title='bbox 1326 3371 1389 3418; x_wconf 86' lang='lat' dir='ltr'>item</span> 
     </span>
    </p>
   </div>
   <div class='ocr_carea' id='block_1_4' title="bbox 284 3447 1389 4324">
    <p class='ocr_par' dir='ltr' id='par_1_4' title="bbox 284 3447 1389 4324">
     <span class='ocr_line' id='line_1_35' title="bbox 289 3447 1389 3514; baseline 0.004 -17"><span class='ocrx_word' id='word_1_353' title='bbox 289 3447 380 3509; x_wconf 84' lang='lat' dir='ltr'>Ponti,</span> <span class='ocrx_word' id='word_1_354' title='bbox 399 3447 481 3510; x_wconf 86' lang='lat' dir='ltr'>Epiri,</span> <span class='ocrx_word' id='word_1_355' title='bbox 500 3449 648 3514; x_wconf 85' lang='lat' dir='ltr'>pluresque.</span> <span class='ocrx_word' id='word_1_356' title='bbox 683 3449 750 3500; x_wconf 76' lang='lat' dir='ltr'>Huc</span> <span class='ocrx_word' id='word_1_357' title='bbox 761 3451 831 3500; x_wconf 80' lang='lat' dir='ltr'>clara</span> <span class='ocrx_word' id='word_1_358' title='bbox 849 3449 912 3500; x_wconf 90' lang='lat' dir='ltr'>satis</span> <span class='ocrx_word' id='word_1_359' title='bbox 924 3456 952 3499; x_wconf 93' lang='lat' dir='ltr'>et</span> <span class='ocrx_word' id='word_1_360' title='bbox 963 3458 1046 3500; x_wconf 86' lang='lat' dir='ltr'>certa.</span> <span class='ocrx_word' id='word_1_361' title='bbox 1080 3449 1121 3500; x_wconf 74' lang='lat' dir='ltr'>Ao</span> <span class='ocrx_word' id='word_1_362' title='bbox 1133 3449 1180 3498; x_wconf 81' lang='lat' dir='ltr'>lios</span> <span class='ocrx_word' id='word_1_363' title='bbox 1194 3450 1389 3508; x_wconf 77' lang='lat' dir='ltr'>Procuratores,</span> 
     </span>
     <span class='ocr_line' id='line_1_36' title="bbox 289 3527 1387 3595; baseline 0.001 -18"><span class='ocrx_word' id='word_1_364' title='bbox 289 3527 403 3590; x_wconf 83' lang='lat' dir='ltr'>Claudii,</span> <span class='ocrx_word' id='word_1_365' title='bbox 414 3541 454 3580; x_wconf 83' lang='lat' dir='ltr'>suc</span> <span class='ocrx_word' id='word_1_366' title='bbox 462 3529 561 3592; x_wconf 85' lang='lat' dir='ltr'>judice,</span> <span class='ocrx_word' id='word_1_367' title='bbox 571 3531 793 3581; x_wconf 83' lang='lat' dir='ltr'>accommodemus</span> <span class='ocrx_word' id='word_1_368' title='bbox 805 3532 929 3592; x_wconf 85' lang='lat' dir='ltr'>edictum,</span> <span class='ocrx_word' id='word_1_369' title='bbox 941 3531 1057 3595; x_wconf 87' lang='lat' dir='ltr'>jubentis</span> <span class='ocrx_word' id='word_1_370' title='bbox 1069 3531 1134 3580; x_wconf 89' lang='lat' dir='ltr'>utin</span> <span class='ocrx_word' id='word_1_371' title='bbox 1148 3530 1288 3595; x_wconf 82' lang='lat' dir='ltr'>provinciis</span> <span class='ocrx_word' id='word_1_372' title='bbox 1299 3543 1387 3580; x_wconf 85' lang='lat' dir='ltr'>eorum</span> 
     </span>
     <span class='ocr_line' id='line_1_37' title="bbox 288 3607 1387 3675; baseline -0.002 -17"><span class='ocrx_word' id='word_1_373' title='bbox 288 3607 398 3659; x_wconf 88' lang='lat' dir='ltr'>decreta</span> <span class='ocrx_word' id='word_1_374' title='bbox 415 3611 524 3674; x_wconf 85' lang='lat' dir='ltr'>proinde</span> <span class='ocrx_word' id='word_1_375' title='bbox 541 3619 597 3659; x_wconf 88' lang='lat' dir='ltr'>ruta</span> <span class='ocrx_word' id='word_1_376' title='bbox 615 3611 667 3660; x_wconf 83' lang='lat' dir='ltr'>aiut</span> <span class='ocrx_word' id='word_1_377' title='bbox 685 3625 716 3661; x_wconf 86' lang='lat' dir='ltr'>ac</span> <span class='ocrx_word' id='word_1_378' title='bbox 736 3613 758 3664; x_wconf 87' lang='lat' dir='ltr'>si</span> <span class='ocrx_word' id='word_1_379' title='bbox 775 3612 832 3675; x_wconf 90' lang='lat' dir='ltr'>ipse</span> <span class='ocrx_word' id='word_1_380' title='bbox 851 3611 995 3660; x_wconf 73' lang='lat' dir='ltr'>statuisset.</span> <span class='ocrx_word' id='word_1_381' title='bbox 1028 3611 1096 3660; x_wconf 85' lang='lat' dir='ltr'>Nam</span> <span class='ocrx_word' id='word_1_382' title='bbox 1115 3610 1147 3659; x_wconf 86' lang='lat' dir='ltr'>ad</span> <span class='ocrx_word' id='word_1_383' title='bbox 1165 3607 1254 3658; x_wconf 81' lang='lat' dir='ltr'>fiscum</span> <span class='ocrx_word' id='word_1_384' title='bbox 1272 3611 1352 3659; x_wconf 88' lang='lat' dir='ltr'>solum</span> <span class='ocrx_word' id='word_1_385' title='bbox 1364 3608 1387 3657; x_wconf 89' lang='lat' dir='ltr'>si</span> 
     </span>
     <span class='ocr_line' id='line_1_38' title="bbox 287 3687 1387 3755; baseline 0 -17"><span class='ocrx_word' id='word_1_386' title='bbox 287 3696 380 3753; x_wconf 84' lang='lat' dir='ltr'>aptas:</span> <span class='ocrx_word' id='word_1_387' title='bbox 398 3689 460 3755; x_wconf 89' lang='lat' dir='ltr'>qnid</span> <span class='ocrx_word' id='word_1_388' title='bbox 476 3689 523 3740; x_wconf 81' lang='lat' dir='ltr'>fret</span> <span class='ocrx_word' id='word_1_389' title='bbox 541 3692 716 3742; x_wconf 83' lang='lat' dir='ltr'>communibus</span> <span class='ocrx_word' id='word_1_390' title='bbox 733 3698 761 3740; x_wconf 87' lang='lat' dir='ltr'>et</span> <span class='ocrx_word' id='word_1_391' title='bbox 779 3692 832 3740; x_wconf 89' lang='lat' dir='ltr'>late</span> <span class='ocrx_word' id='word_1_392' title='bbox 850 3689 983 3754; x_wconf 90' lang='lat' dir='ltr'>conceptis</span> <span class='ocrx_word' id='word_1_393' title='bbox 1001 3689 1114 3742; x_wconf 80' lang='lat' dir='ltr'>Cornelii</span> <span class='ocrx_word' id='word_1_394' title='bbox 1134 3689 1236 3738; x_wconf 84' lang='lat' dir='ltr'>verbis?</span> <span class='ocrx_word' id='word_1_395' title='bbox 1253 3687 1387 3751; x_wconf 86' lang='lat' dir='ltr'>‘Rerum,&#39;</span> 
     </span>
     <span class='ocr_line' id='line_1_39' title="bbox 284 3767 1386 3836; baseline -0.002 -16"><span class='ocrx_word' id='word_1_396' title='bbox 284 3769 383 3835; x_wconf 84' lang='lat' dir='ltr'>inquit,</span> <span class='ocrx_word' id='word_1_397' title='bbox 400 3772 437 3821; x_wconf 87' lang='lat' dir='ltr'>‘a</span> <span class='ocrx_word' id='word_1_398' title='bbox 452 3771 661 3835; x_wconf 87' lang='lat' dir='ltr'>procuratoribus</span> <span class='ocrx_word' id='word_1_399' title='bbox 680 3772 732 3821; x_wconf 87' lang='lat' dir='ltr'>suis</span> <span class='ocrx_word' id='word_1_400' title='bbox 743 3771 919 3833; x_wconf 85' lang='lat' dir='ltr'>judicatarum</span> <span class='ocrx_word' id='word_1_401' title='bbox 930 3771 945 3823; x_wconf 86' lang='lat'>:&#39;</span> <span class='ocrx_word' id='word_1_402' title='bbox 970 3772 1119 3836; x_wconf 75' lang='lat' dir='ltr'>pariterque</span> <span class='ocrx_word' id='word_1_403' title='bbox 1139 3767 1272 3819; x_wconf 82' lang='lat' dir='ltr'>indefinite</span> <span class='ocrx_word' id='word_1_404' title='bbox 1291 3769 1386 3818; x_wconf 78' lang='lat' dir='ltr'>extulit</span> 
     </span>
     <span class='ocr_line' id='line_1_40' title="bbox 286 3849 1386 3916; baseline -0.003 -17"><span class='ocrx_word' id='word_1_405' title='bbox 286 3849 455 3914; x_wconf 73' lang='lat' dir='ltr'>Tranquillus,</span> <span class='ocrx_word' id='word_1_406' title='bbox 470 3852 548 3915; x_wconf 73' lang='lat' dir='ltr'>‘que</span> <span class='ocrx_word' id='word_1_407' title='bbox 566 3859 748 3913; x_wconf 86' lang='lat' dir='ltr'>procuratores</span> <span class='ocrx_word' id='word_1_408' title='bbox 763 3851 803 3900; x_wconf 90' lang='lat' dir='ltr'>sui</span> <span class='ocrx_word' id='word_1_409' title='bbox 822 3852 848 3902; x_wconf 92' lang='lat' dir='ltr'>ln</span> <span class='ocrx_word' id='word_1_410' title='bbox 861 3852 1004 3916; x_wconf 85' lang='lat' dir='ltr'>judicando</span> <span class='ocrx_word' id='word_1_411' title='bbox 1014 3849 1177 3902; x_wconf 67' lang='lat' dir='ltr'>statuerent!</span> <span class='ocrx_word' id='word_1_412' title='bbox 1212 3849 1287 3899; x_wconf 81' lang='lat' dir='ltr'>Adde</span> <span class='ocrx_word' id='word_1_413' title='bbox 1298 3849 1386 3898; x_wconf 84' lang='lat' dir='ltr'>subse·</span> 
     </span>
     <span class='ocr_line' id='line_1_41' title="bbox 288 3929 1384 3994; baseline 0.004 -16"><span class='ocrx_word' id='word_1_414' title='bbox 288 3938 410 3994; x_wconf 80' lang='lat' dir='ltr'>quantem</span> <span class='ocrx_word' id='word_1_415' title='bbox 422 3946 524 3981; x_wconf 86' lang='lat' dir='ltr'>omnem</span> <span class='ocrx_word' id='word_1_416' title='bbox 534 3932 622 3980; x_wconf 83' lang='lat' dir='ltr'>Taciti</span> <span class='ocrx_word' id='word_1_417' title='bbox 639 3932 799 3982; x_wconf 77' lang='lat' dir='ltr'>orationemz</span> <span class='ocrx_word' id='word_1_418' title='bbox 817 3932 917 3984; x_wconf 85' lang='lat' dir='ltr'>ridebis</span> <span class='ocrx_word' id='word_1_419' title='bbox 928 3946 979 3982; x_wconf 93' lang='lat' dir='ltr'>non</span> <span class='ocrx_word' id='word_1_420' title='bbox 998 3933 1067 3982; x_wconf 88' lang='lat' dir='ltr'>atiud</span> <span class='ocrx_word' id='word_1_421' title='bbox 1079 3946 1137 3982; x_wconf 89' lang='lat' dir='ltr'>eum</span> <span class='ocrx_word' id='word_1_422' title='bbox 1155 3929 1292 3992; x_wconf 75' lang='lat' dir='ltr'>indignari,</span> <span class='ocrx_word' id='word_1_423' title='bbox 1307 3941 1384 3992; x_wconf 71' lang='lat' dir='ltr'>quem</span> 
     </span>
     <span class='ocr_line' id='line_1_42' title="bbox 287 4008 1384 4078; baseline -0.002 -20"><span class='ocrx_word' id='word_1_424' title='bbox 287 4011 355 4072; x_wconf 87' lang='lat' dir='ltr'>quod</span> <span class='ocrx_word' id='word_1_425' title='bbox 362 4010 511 4072; x_wconf 76' lang='lat' dir='ltr'>Jurisdictio</span> <span class='ocrx_word' id='word_1_426' title='bbox 521 4013 711 4066; x_wconf 86' lang='lat' dir='ltr'>communicata</span> <span class='ocrx_word' id='word_1_427' title='bbox 728 4028 786 4063; x_wconf 86' lang='lat' dir='ltr'>cum</span> <span class='ocrx_word' id='word_1_428' title='bbox 806 4012 935 4078; x_wconf 83' lang='lat' dir='ltr'>equitibus</span> <span class='ocrx_word' id='word_1_429' title='bbox 946 4021 974 4062; x_wconf 87' lang='lat' dir='ltr'>et</span> <span class='ocrx_word' id='word_1_430' title='bbox 985 4013 1103 4062; x_wconf 81' lang='lat' dir='ltr'>libertis:</span> <span class='ocrx_word' id='word_1_431' title='bbox 1121 4014 1216 4075; x_wconf 86' lang='lat' dir='ltr'>dequo</span> <span class='ocrx_word' id='word_1_432' title='bbox 1228 4012 1305 4060; x_wconf 87' lang='lat' dir='ltr'>toties</span> <span class='ocrx_word' id='word_1_433' title='bbox 1315 4008 1384 4058; x_wconf 84' lang='lat' dir='ltr'>inter</span> 
     </span>
     <span class='ocr_line' id='line_1_43' title="bbox 285 4086 1384 4166; baseline 0.003 -28"><span class='ocrx_word' id='word_1_434' title='bbox 285 4086 460 4143; x_wconf 85' lang='lat' dir='ltr'>ordinesolim</span> <span class='ocrx_word' id='word_1_435' title='bbox 471 4101 599 4142; x_wconf 85' lang='lat' dir='ltr'>certatum</span> <span class='ocrx_word' id='word_1_436' title='bbox 618 4093 746 4159; x_wconf 79' lang='lat' dir='ltr'>seditioqe</span> <span class='ocrx_word' id='word_1_437' title='bbox 765 4101 811 4144; x_wconf 86' lang='lat' dir='ltr'>sut</span> <span class='ocrx_word' id='word_1_438' title='bbox 829 4095 907 4144; x_wconf 85' lang='lat' dir='ltr'>armis</span> <span class='ocrx_word' id='word_1_439' title='bbox 926 4101 991 4144; x_wconf 87' lang='lat' dir='ltr'>erat.</span> <span class='ocrx_word' id='word_1_440' title='bbox 1027 4093 1063 4144; x_wconf 85' lang='lat' dir='ltr'>tlt</span> <span class='ocrx_word' id='word_1_441' title='bbox 1082 4101 1262 4158; x_wconf 81' lang='lat' dir='ltr'>procuratores</span> <span class='ocrx_word' id='word_1_442' title='bbox 1282 4087 1325 4153; x_wconf 91' lang='lat' dir='ltr'>qui</span> <span class='ocrx_word' id='word_1_443' title='bbox 1345 4091 1384 4166; x_wconf 78' lang='lat' dir='ltr'>rei</span> 
     </span>
     <span class='ocr_line' id='line_1_44' title="bbox 284 4167 1382 4241; baseline 0.002 -21"><span class='ocrx_word' id='word_1_444' title='bbox 284 4167 405 4220; x_wconf 80' lang='lat' dir='ltr'>familiari</span> <span class='ocrx_word' id='word_1_445' title='bbox 425 4180 524 4224; x_wconf 88' lang='lat' dir='ltr'>tantum</span> <span class='ocrx_word' id='word_1_446' title='bbox 542 4175 666 4239; x_wconf 89' lang='lat' dir='ltr'>impositi,</span> <span class='ocrx_word' id='word_1_447' title='bbox 681 4177 726 4241; x_wconf 93' lang='lat' dir='ltr'>qui</span> <span class='ocrx_word' id='word_1_448' title='bbox 743 4176 770 4226; x_wconf 91' lang='lat' dir='ltr'>in</span> <span class='ocrx_word' id='word_1_449' title='bbox 787 4176 926 4240; x_wconf 85' lang='lat' dir='ltr'>prouinciis</span> <span class='ocrx_word' id='word_1_450' title='bbox 945 4175 1131 4224; x_wconf 88' lang='lat' dir='ltr'>Proconsulum</span> <span class='ocrx_word' id='word_1_451' title='bbox 1150 4173 1382 4232; x_wconf 62' lang='lat' dir='ltr'>sarmatorum:</span> 
     </span>
     <span class='ocr_line' id='line_1_45' title="bbox 285 4249 1383 4324; baseline 0.005 -22"><span class='ocrx_word' id='word_1_452' title='bbox 285 4249 566 4318; x_wconf 85' lang='lat' dir='ltr'>plsneprlratiersut,</span> <span class='ocrx_word' id='word_1_453' title='bbox 581 4260 611 4304; x_wconf 91' lang='lat' dir='ltr'>et</span> <span class='ocrx_word' id='word_1_454' title='bbox 629 4255 729 4321; x_wconf 69' lang='lat' dir='ltr'>insigne</span> <span class='ocrx_word' id='word_1_455' title='bbox 747 4256 775 4305; x_wconf 90' lang='lat' dir='ltr'>in</span> <span class='ocrx_word' id='word_1_456' title='bbox 793 4269 838 4306; x_wconf 89' lang='lat' dir='ltr'>eos</span> <span class='ocrx_word' id='word_1_457' title='bbox 857 4255 1004 4324; x_wconf 83' lang='lat' dir='ltr'>exemplum</span> <span class='ocrx_word' id='word_1_458' title='bbox 1021 4252 1149 4306; x_wconf 86' lang='lat' dir='ltr'>sTiberio</span> <span class='ocrx_word' id='word_1_459' title='bbox 1160 4251 1267 4319; x_wconf 86' lang='lat' dir='ltr'>editum,</span> <span class='ocrx_word' id='word_1_460' title='bbox 1286 4251 1320 4305; x_wconf 87' lang='lat' dir='ltr'>de</span> <span class='ocrx_word' id='word_1_461' title='bbox 1331 4269 1383 4322; x_wconf 89' lang='lat' dir='ltr'>quo</span> 
     </span>
    </p>
   </div>
   <div class='ocr_carea' id='block_1_5' title="bbox 0 0 1604 4917">
    <p class='ocr_par' dir='ltr' id='par_1_5' title="bbox 0 0 1604 4917">
     <span class='ocr_line' id='line_1_46' title="bbox 0 0 1604 4917; baseline 0 7"><span class='ocrx_word' id='word_1_462' title='bbox 0 0 1604 4917; x_wconf 95' lang='lat' dir='ltr'> </span> 
     </span>
    </p>
   </div>
  </div>
 </body>
</html>
