3200 4917
372 421 412 467 rn
440 417 702 466 srasrorrrscrs
733 415 830 464 sarr.
854 413 1125 462 snnvsrounrr.
1214 401 1300 466 4547

244 565 286 630 In
311 562 402 629 Edit.
424 563 549 638 Taciti,
572 561 722 645 Trajecti
747 560 791 624 ad
815 558 921 624 Rbeu.
942 559 1038 624 1721.
1059 559 1126 624 tto.
1154 559 1258 627 2vol.
1280 580 1303 626 a

200 667 273 731 viro
301 665 493 730 doctissimo
522 664 600 728 Jac.
625 662 800 728 Gronovio
832 663 1048 745 incepta,.et,
1074 668 1179 727 morte
1201 664 1301 728 inter-

202 767 364 842 veniente,
386 765 456 831 filio
470 765 544 849 ejus
570 763 694 827 Abrub.
711 763 885 828 Gronovio
900 763 1066 840 absoluta,
1090 765 1304 848 subjiciuntur

200 869 303 932 variae
326 867 496 944 lectiones,
527 886 572 929 ex
599 866 664 928 hoc
689 865 804 928 codice
827 864 926 929 Bodl.
951 865 1112 942 collectae,
1134 872 1168 931 et
1192 864 1303 934 forsan

200 969 328 1044 lectori,
359 969 389 1031 si
415 966 660 1049 comparaverit
683 985 759 1048 quas
781 965 854 1047 jam
878 965 1026 1028 diximus
1046 964 1088 1028 de
1119 965 1187 1030 Ms·
1209 964 1302 1033 nus.

203 1070 333 1133 Britan.
344 1089 420 1132 cum
434 1071 476 1132 iis
486 1087 563 1149 quae
579 1066 633 1129 bic
648 1066 713 1129 loci
729 1064 848 1128 damus
861 1063 902 1128 de
918 1066 990 1129 cod.
1002 1065 1115 1145 Bodl,
1127 1071 1304 1150 transcrip-

203 1177 257 1234 tos
271 1189 345 1234 esse
358 1189 401 1232 ex
417 1169 532 1233 eodem
554 1164 726 1252 πρωτοτόπῳ
750 1165 854 1230 videri
877 1168 1005 1250 possit:
1027 1167 1087 1231 sed
1102 1173 1139 1232 ut
1158 1168 1306 1234 locorum

201 1271 359 1335 distantia
381 1270 540 1354 prohibet,
564 1289 633 1353 quo
657 1270 765 1332 minus
794 1268 951 1332 lectiones
963 1269 1135 1352 utriusque
1158 1271 1246 1335 iuter
1269 1290 1306 1334 se

202 1391 290 1436 nuuc
314 1372 535 1449 conseramus,
562 1371 707 1454 quaestio
727 1369 961 1453 hujuscemodi
990 1371 1066 1433 aliis
1094 1370 1306 1454 relinquenda

205 1479 265 1539 est.

246 1573 358 1637 Multa
378 1574 517 1658 legimus
532 1573 622 1657 apud
644 1572 797 1648 Editores
812 1572 925 1638 Taciti
947 1573 988 1638 de
1003 1574 1077 1638 cod.
1097 1573 1169 1638 Jes.
1195 1573 1305 1639 Oxou.

204 1674 264 1739 sed
274 1675 371 1739 nobis
380 1696 485 1760 nuper
496 1675 586 1758 apud
595 1674 803 1738 Oxouieuses
815 1677 1096 1757 peregrinantibus
1108 1695 1184 1738 eum
1193 1674 1306 1740 videre

203 1794 269 1838 non
280 1776 392 1840 datum
402 1782 464 1855 est,
478 1779 602 1860 qnippe
616 1776 1140 1841 rusticabaturBibliotbecarius:
1153 1778 1306 1841 absentes

204 1897 283 1941 vero
301 1879 490 1970 audivimus
513 1899 573 1962 per
601 1878 784 1941 amicitiam
803 1878 952 1962 ejusdem
968 1877 1229 1954 Bibliothecarii,
1245 1878 1307 1942 viri

206 1977 292 2042 Rev.
305 1979 343 2043 C.
357 1977 414 2042 W.
429 1977 602 2056 Blasfield,
615 1978 688 2044 cod.
703 1977 726 2042 J
728 1997 776 2040 es.
791 1980 825 2042 in
841 1982 911 2042 tuto
925 1978 1106 2058 mansisse;
1125 1983 1158 2040 et
1170 1977 1307 2042 eohunc

206 2095 514 2155 commemoramus,
537 2080 580 2141 ob
593 2079 758 2159 egregiam
773 2077 849 2141 cod.
865 2076 976 2140 Taciti
991 2077 1202 2159 paucitatem.
1238 2075 1308 2140 Hic

206 2177 325 2255 codex,
334 2183 373 2242 ut
386 2179 591 2260 accepimus,
606 2178 762 2242 undecim
775 2184 902 2242 tantum
915 2177 1027 2242 Taciti
1041 2178 1184 2242 continet
1193 2177 1308 2254 libros,

205 2279 370 2362 incipiens
387 2280 431 2344 ab
446 2279 624 2344 undecimo
652 2279 736 2344 libro
751 2279 945 2356 Annalium,
974 2286 1006 2343 et
1020 2279 1104 2342 serie
1119 2279 1309 2343 continuata

205 2401 354 2464 pergens,
378 2381 521 2464 quinque
540 2381 645 2444 libros
672 2380 849 2458 Historia,
879 2385 915 2442 ut
938 2379 1023 2444 alius
1040 2377 1147 2443 codex
1162 2381 1234 2465 jam
1249 2378 1308 2442 de-

207 2483 363 2565 scriptus,
386 2484 605 2565 amplectitur.
650 2481 731 2546 Sine
746 2501 835 2546 anno
850 2482 979 2546 etloco.
1212 2491 1215 2500 '

252 2584 389 2649 Nullum
403 2587 503 2650 alium
519 2585 665 2650 Cornelii
685 2587 788 2650 nostri
811 2584 963 2648 codicem
987 2584 1077 2666 apud
1101 2583 1308 2650 Oxonicnses

179 2714 181 2718 ’
207 2687 399 2750 invenimus.
444 2686 493 2751 At
518 2689 551 2750 in
568 2684 743 2750 Bodleiano
766 2693 846 2750 sunt
871 2685 1131 2759 Observationes
1155 2684 1309 2750 Politicae

203 2789 327 2870 ,partim
343 2809 387 2852 ex
406 2787 540 2863 Tacito,
555 2789 674 2870 partim
689 2808 733 2851 ex
748 2789 822 2852 aliis
838 2788 1028 2851 auctoribus
1042 2787 1084 2850 ab
1105 2785 1228 2852 Isaaco
1244 2785 1309 2850 Ga·

210 2891 360 2953 saubono
389 2889 538 2954 collectae
564 2896 597 2953 et
620 2910 722 2954 mauu
751 2896 913 2954 exaratae.
958 2887 1029 2952 Hic
1057 2889 1141 2952 liber
1167 2890 1313 2953 continet

210 2991 424 3071 circiterpp.
449 2989 525 3053 200.
551 2990 596 3054 ad
620 3010 689 3054 rem
708 2993 861 3056 bellicam
884 2992 1092 3072 pertinentes.
1129 2987 1205 3052 Fol.
1251 2987 1313 3053 Est

214 3089 316 3154 eriam
329 3089 412 3152 inter
428 3085 665 3150 D’Oreillr'anos
679 3089 761 3154 liber
776 3092 922 3171 scriptus
938 3090 1079 3152 chartac.
1098 3109 1119 3151 a
1133 3089 1230 3150 nobis
1241 3088 1312 3170 jam

209 3196 355 3267 notatus,
383 3193 417 3252 et
445 3209 538 3272 saepe
562 3191 740 3269 notandus,
769 3192 827 3272 qni
855 3191 890 3252 in
927 3189 1088 3270 plurimos
1114 3186 1311 3271 scriptorum

105 3299 112 3309 '
210 3287 405 3368 Latinorum
423 3297 519 3354 notas
537 3295 570 3354 ct
584 3291 696 3354 varias
718 3291 878 3356 lectiones
893 3289 1045 3353 continet.
1089 3287 1258 3371 Quaedam,
1269 3289 1311 3352 de

210 3392 331 3458 Tacito
352 3392 427 3477 (pp.
445 3390 525 3476 ld),
549 3392 782 3460 collationibus
806 3390 950 3458 adedit.
977 3390 1183 3457 Francolurt.
1212 3391 1309 3456 1607.

211 3493 325 3572 factis,
346 3495 549 3578 suppeditat.

705 3694 812 3746 NUI’AE

212 3814 285 3860 1⁷⁰³.
304 3825 331 3874 p.
344 3813 484 3860 298-301.
518 3813 619 3862 Harum
638 3814 743 3876 Episte·
781 3815 1185 3879 seraperisseillamauctotorc
1202 3809 1312 3874 quodam

212 3887 292 3936 larum
303 3892 442 3936 nostrarst
453 3887 590 3950 posterior,
602 3887 635 3937 de
647 3888 743 3952 quasic
782 3890 810 3938 in
832 3891 936 3954 aritiqna
954 3891 1048 3955 pagiua
1068 3903 1125 3938 cum
1146 3885 1202 3935 allis
1221 3891 1312 3933 notatu

213 3964 365 4014 Fabricius:
381 3963 478 4013 ‘Hauc
491 3965 633 4028 Epistulam
645 3967 743 4031 primns
783 3965 868 4027 dignis
887 3967 945 4015 hinc
961 3965 1020 4014 inde
1032 3963 1173 4026 excerptis,
1191 3962 1313 4024 scriptam

214 4041 283 4104 quod
302 4041 382 4090 sciam
402 4041 518 4104 vulgavit
538 4043 701 4102 Florentium
716 4045 743 4092 iu
785 4042 883 4090 circum
918 4057 941 4089 a.
970 4039 1051 4090 raso:
1101 4041 1198 4089 Noster
1232 4037 1314 4088 codex

215 4115 433 4182 martyrologium
453 4118 579 4168 vetustius
601 4117 743 4168 Romanum
785 4113 967 4182 (Bodleiauus)
986 4114 1135 4166 circaidem
1153 4111 1315 4178 tempussor·

216 4191 508 4258 sivellieronymianum
521 4197 597 4244 Lucu
610 4194 707 4244 editum
719 4209 746 4245 a.
784 4205 832 4244 san
840 4187 1020 4254 scriptusl'uit.

217 4268 289 4318 ltdb.
313 4269 370 4319 Tol.
388 4285 415 4334 p.
426 4275 483 4323 lit.
515 4272 639 4322 Testatur
659 4278 747 4322 autem
