3200 4917
277 400 369 467 4388
632 416 742 467 uorn
765 382 967 467 varronuu
991 414 1033 465 ru

317 558 412 610 uuum
420 557 814 624 rurapueuattipmmrts·
849 563 878 607 te
895 561 940 607 aut
959 554 1073 607 sanctior
1091 560 1132 605 est
1149 553 1253 604 babitus
1264 558 1309 605 aut
1323 554 1381 605 dul·

278 634 360 683 liliosa
371 640 395 684 et
405 634 497 699 orrum]
508 635 624 699 Conjicio
634 633 811 685 scribendum:
850 632 927 683 ciori'
943 632 977 683 Et
996 633 1063 683 bunc
1080 632 1204 681 virtutum
1221 631 1380 681 diversarum

280 708 564 774 ubiofficiosotissootum
582 710 646 759 nulla
663 710 726 758 abra
734 713 812 771 poles·
849 713 1002 757 concentum
1015 707 1163 770 in'l'rajano
1184 706 1310 770 predicat
1325 706 1381 755 Pli-

280 783 341 833 tatis
357 798 478 847 perronam
496 786 607 836 tristitia.
642 786 676 834 lit
696 800 811 847 arrogan-
848 782 914 831 nius.
947 782 1046 833 Omnes
1056 789 1141 831 mrtem
1154 782 1186 830 de
1198 780 1271 831 sonte
1283 781 1381 831 isocra-

279 858 348 909 riam
380 860 447 909 Nam
459 860 481 910 si
494 860 550 925 quis
561 861 634 910 malit
644 862 708 909 ultro
719 860 811 909 adver·
848 857 882 907 tis
908 857 941 906 ad
969 856 1103 907 Nicoclem
1128 866 1230 921 potasse
1250 857 1381 907 videntur.

279 932 385 985 biniiter
406 938 526 999 accipere
550 952 597 1001 pro
618 938 727 995 alteriue
745 938 810 986 sulla
848 932 924 980 Idm

278 1010 343 1059 ultra
362 1014 487 1075 polonicis
504 1026 612 1075 pam,
630 1010 766 1069 tristitiom,
784 1015 810 1057 et
881 1007 928 1057 cni
938 1007 1011 1057 etiosa
1020 1023 1083 1071 sape
1100 1009 1164 1070 bosi]
1180 1009 1239 1058 ἐκ
1256 1008 1301 1057 illo
1318 1008 1380 1059 Pia·

278 1100 359 1149 πως.
377 1090 498 1139 nummi.
526 1090 675 1137 Rhenanus.
711 1084 810 1148 lmpor·
847 1084 926 1145 tonis,
941 1083 987 1141 eir
1005 1082 1145 1143 κενοδοξίαν,
1155 1084 1332 1133 assissinato
1342 1100 1382 1146 χι·

278 1167 343 1211 ωι
359 1163 401 1211 bic
420 1163 529 1212 ammtiae
540 1161 646 1221 mentio,
664 1158 707 1207 ubi
722 1160 809 1209 modo·
846 1160 918 1207 τῦνιι.
950 1160 1055 1209 Etenim
1066 1168 1096 1207 ut
1113 1160 1150 1208 ait
1166 1160 1259 1208 Cicero
1269 1174 1317 1223 pro
1329 1161 1379 1211 Ar·

277 1236 345 1285 ratio
356 1250 454 1285 morum
466 1237 589 1286 adversus
609 1234 674 1284 alios
691 1234 761 1283 intra
771 1234 809 1284 fn·
847 1233 906 1283 cbia
915 1238 985 1283 c.ll.
999 1234 1111 1284 ‘insidet
1119 1233 1237 1298 quiedam
1246 1235 1271 1281 in
1279 1235 1379 1297 optimo

275 1312 404 1361 ciiitatem
424 1319 452 1361 et
466 1299 632 1361 severitatem
643 1310 808 1361 describitur.
847 1323 951 1374 quoqne
964 1308 1128 1369 virtns‚'&c.
1161 1310 1212 1361 Qui
1223 1309 1324 1373 quidem
1343 1310 1381 1359 lo·

277 1389 406 1439 Mutunda
424 1388 503 1452 igitur
514 1403 573 1450 vox,
583 1388 604 1436 si
616 1389 749 1439 eoumrmie
764 1404 809 1452 po·
847 1398 893 1433 cus
904 1384 1011 1433 totidem
1029 1384 1085 1433 lere
1102 1384 1190 1435 verbis
1200 1391 1288 1435 exstat
1298 1385 1379 1434 etlam

277 1470 346 1515 test:
372 1464 395 1513 si
422 1478 482 1525 non,
507 1464 633 1528 ejicienda
658 1465 751 1527 potius,
778 1473 809 1515 ut
846 1459 873 1507 in
885 1459 1248 1523 Rabirianaperdneli.c.ld.
1275 1459 1378 1526 Augus·

275 1538 393 1591 insititia.
425 1541 530 1591 Mutare
541 1554 591 1603 ego
603 1540 729 1601 uolebam,
743 1556 808 1589 mna-
846 1536 894 1585 tin.
903 1535 936 1583 da
947 1534 998 1585 cir.
1009 1536 1070 1585 Dei.
1081 1550 1109 1587 v.
1121 1540 1160 1586 17.
1194 1538 1270 1587 Iden.

276 1617 371 1667 euim:
386 1624 478 1668 utnon
491 1618 613 1675 acerbum
630 1616 709 1669 fnisse
727 1618 809 1668 dicat.
880 1610 1028 1661 Ostestma
1048 1611 1149 1675 mle]
1173 1611 1217 1661 lta
1238 1612 1307 1677 lego,
1328 1624 1377 1677 pro

275 1692 329 1743 Sed
355 1706 408 1742 uon
434 1694 531 1757 piacet.
569 1693 753 1754 Rraecedentia
780 1700 808 1742 et
845 1690 1014 1739 oderim
1047 1690 1164 1740 Rbenrn.

272 1768 413 1832 sequentia
423 1768 467 1833 qui
487 1769 552 1831 legit
571 1770 657 1832 paullo
673 1769 809 1831 attentius,
875 1767 980 1828 smper
990 1764 1079 1828 mers]
1094 1767 1132 1816 Ut
1149 1764 1288 1817 Africanus
1301 1781 1377 1831 snpe-

275 1843 353 1909 qunle
376 1843 438 1909 quid
465 1844 620 1909 requiratur,
645 1851 697 1895 tam
721 1842 809 1907 facile,
844 1840 905 1892 rior.
921 1841 1008 1891 Livius
1026 1843 1042 1891 Ι.
1052 1854 1132 1893 xxur.
1150 1850 1179 1892 et
1196 1842 1320 1907 Polybius
1329 1842 1376 1894 lib.

274 1933 350 1983 qnam
361 1918 489 1969 orontium
506 1933 557 1969 non
576 1920 713 1969 convenire
726 1919 808 1969 ridet.
844 1930 883 1967 rx.
895 1916 965 1979 apud
984 1924 1097 1967 nostrum
1109 1918 1155 1967 lib.
1169 1930 1233 1969 xus.
1244 1918 1376 1969 Domitius

273 1992 387 2043 Probari
396 1999 483 2043 tamen
490 1994 594 2044 videtur
602 1994 642 2055 iis,
650 2009 708 2058 quoe
716 1996 807 2044 statim
844 1992 966 2057 Corbulo,
983 1997 1083 2059 ‘super
1102 1996 1291 2059 experientiam
1307 1996 1377 2061 sapi·

273 2068 429 2131 subduntur,
440 2070 604 2131 integritatem
612 2073 682 2132 sique
691 2068 808 2119 abdim-
843 2070 991 2134 entismqrre
1002 2072 1081 2119 etiam
1091 2071 1180 2134 specie
1188 2072 1301 2123 inanium
1312 2071 1375 2121 vaii-

274 2141 341 2195 tinus.
364 2143 506 2195 Acidaiius.
539 2145 581 2194 Sic
603 2145 729 2194 Catonem
748 2144 807 2193 Uti·
842 2146 909 2198 dns)
951 2148 1083 2198 Caeterum
1102 2148 1128 2197 bi
1150 2149 1227 2211 tales,
1244 2147 1271 2197 ni
1290 2145 1377 2211 fallor,

274 2218 808 2283 consensdescribitPlutarcbus‚timrei
837 2222 898 2287 jure
918 2231 1085 2287 excusantur,
1102 2224 1195 2288 quibua
1215 2238 1300 2273 scenae
1322 2237 1376 2273 sar·

272 2293 380 2355 disputas
390 2296 482 2345 καὶτοῦ
494 2294 613 2359 συνεδρίου
628 2296 736 2357 χαλεπὸν
747 2294 807 2347 ὄντα
841 2298 973 2351 siendum.
1006 2299 1043 2349 At
1059 2298 1305 2364 illosartiiicss,qni
1315 2312 1375 2363 pro·

272 2368 312 2419 sal
322 2370 423 2435 φοβερὸν
435 2370 807 2436 &specialissimarum
842 2375 933 2425 bitatis
943 2374 1039 2425 famam
1057 2382 1228 2438 aucupantes,
1246 2388 1375 2439 pauperes

272 2448 379 2497 εὔνοιιιῦς
389 2447 429 2498 rai
436 2448 602 2512 pnwopdm
608 2448 805 2513 smmum
841 2452 1001 2516 humilesque
1015 2452 1148 2513 simulant,
1167 2450 1238 2514 pleni
1247 2451 1318 2501 intus
1328 2451 1376 2502 im·

276 2524 422 2588 Virdusgus.
840 2529 923 2579 manis
933 2528 1070 2592 enjusdam
1080 2528 1229 2579 ambitionis
1246 2535 1275 2579 et
1288 2535 1374 2591 φιλαν·

307 2600 454 2665 ibistitinm]
474 2602 489 2630 ⁹
506 2601 532 2651 in
551 2603 702 2653 Xenocrate
725 2604 805 2655 Plato
840 2602 901 2665 rias,
908 2602 985 2655 facile
994 2605 1129 2655 averseris.
1165 2604 1309 2666 deaans.

267 2673 381 2738 jubebat
391 2690 449 2727 enm
467 2676 530 2727 oden
546 2680 599 2727 ruis
612 2676 716 2743 χάρισιν.
748 2681 805 2731 Hu-
872 2681 992 2731 stom-⁸
1014 2678 1189 2742 moros]
1218 2677 1374 2742 Exemplum

266 2750 379 2814 jusmodi
390 2752 489 2805 indoles
501 2754 630 2805 eminebat
640 2756 666 2803 in
677 2754 732 2805 lilio
743 2756 805 2806 Pbi·
841 2754 910 2819 apud
933 2760 1048 2805 nostrum
1069 2755 1116 2805 lib.
1137 2769 1195 2806 ιιι.
1218 2759 1260 2807 18.
1300 2756 1372 2807 Nota

269 2825 337 2891 lippi
349 2826 461 2893 Augusti
473 2830 503 2881 C.
511 2829 582 2881 dolio
593 2830 731 2879 Saturnino
743 2844 804 2880 vere
841 2838 929 2881 autem
949 2837 1150 2893 procuratorum
1167 2829 1321 2895 improbiter
1338 2842 1374 2881 ex

268 2901 417 2965 Saturnius,
427 2912 457 2956 ut
468 2906 546 2955 babes
565 2906 591 2955 in
604 2905 703 2955 Aurelii
714 2908 804 2957 Victo·
840 2904 912 2955 dicto
930 2903 1073 2955 Alexandri
1101 2905 1191 2955 Severi
1207 2904 1277 2966 apud
1298 2902 1374 2955 Lam·

271 2976 306 3025 ris
317 2978 443 3043 epitome.
477 2980 508 3030 In
520 2979 610 3043 primis
621 2981 743 3031 'liberius
755 2984 803 3031 boc
840 2978 909 3041 prid.
920 2980 1030 3029 ‘malum
1041 2977 1374 3030 necessarium’eosvocan·

270 3053 453 3105 nominemaIe
472 3056 563 3107 audiit.
588 3056 695 3107 sueton.
715 3060 756 3108 tt.
775 3064 804 3108 et
840 3054 883 3105 tis.
916 3055 993 3106 Idm

268 3131 311 3177 oli.
344 3129 419 3178 Idem.
871 3132 956 3181 Aiteri
974 3130 1108 3196 Μίδαι]
1129 3132 1145 3162 ⁹
1161 3132 1295 3184 oeamose
1314 3130 1374 3181 tis·

297 3202 484 3268 Amantiam]
495 3204 538 3255 Ob
547 3220 624 3268 qurum
634 3208 800 3273 Tarquinium
839 3208 917 3257 telius
929 3209 999 3274 apud
1009 3210 1043 3262 Α.
1055 3210 1169 3261 Gellium
1181 3224 1220 3260 vs.
1231 3214 1271 3259 11.
1295 3208 1371 3257 rsa.

268 3285 298 3331 at
321 3279 448 3330 ‘libidine
464 3282 625 3344 precipitem
645 3288 673 3333 et
691 3287 803 3334 avaritia
870 3284 1105 3343 rotumam]
1119 3282 1135 3310 ⁹
1146 3288 1176 3329 ut
1187 3283 1273 3343 piures
1289 3295 1371 3331 annos

268 3356 802 3408 caecumetimmanemcrudelitatovoca·
837 3369 896 3403 eum
914 3356 1023 3418 imperio
1043 3364 1139 3405 essent.
1171 3354 1372 3406 'liberiusinea

267 3437 362 3481 rerunt
371 3430 532 3494 Superbum:
545 3440 572 3481 et
582 3439 740 3496 putaverunt
750 3432 801 3483 suf-
838 3443 867 3478 re
884 3429 927 3478 vel
946 3430 1056 3490 nimius;
1073 3444 1163 3479 caum
1179 3431 1370 3494 exponitJose·

266 3504 347 3555 ficere
366 3506 529 3568 convicium:
548 3508 631 3572 inquit
647 3508 800 3572 Panegyris·
836 3504 903 3566 pirus
924 3508 965 3553 tu.
982 3502 1074 3569 Antiq.
1092 3504 1223 3554 Laudatur
1240 3505 1275 3555 ob
1294 3506 1322 3557 id
1341 3512 1371 3557 at

267 3587 317 3630 tes.
335 3583 443 3632 Lucullo
454 3598 566 3649 quoque,
576 3598 673 3633 summo
685 3584 800 3647 alioquin
838 3579 901 3627 Pin·
919 3578 1064 3627 Antonium
1082 3578 1301 3642 embolismo-⁶.
1333 3581 1370 3632 Et

266 3657 426 3725 imperatori,
434 3673 464 3707 ea
472 3674 513 3708 res
524 3660 634 3722 pessime
642 3660 720 3710 vertit
729 3660 799 3723 npnd
837 3670 914 3705 ausus
935 3655 1030 3705 similia
1053 3656 1212 3706 Percennius
1235 3658 1318 3723 Niger
1336 3657 1370 3708 ad

171 3776 178 3790 ,
267 3749 342 3785 suos:
359 3741 387 3784 et
398 3742 460 3784 ante
469 3749 526 3783 eum
548 3736 678 3783 Parsiania·
692 3749 743 3784 non
755 3736 799 3784 mi·
836 3731 949 3781 Mucium
984 3739 1012 3781 et
1048 3733 1216 3783 commodum
1242 3734 1369 3799 scribere,

266 3823 314 3860 nus
324 3811 421 3861 celebri
432 3812 524 3861 victori
536 3812 687 3869 Persarum,
697 3818 725 3860 et
737 3812 799 3861 Per·
834 3808 973 3870 Spartiano
983 3815 1052 3857 teste
1072 3824 1096 3859 c.
1107 3814 1132 3858 t.
1165 3811 1215 3861 sed
1227 3812 1287 3861 buic
1299 3826 1384 3865 com·.

264 3884 347 3935 diceas
369 3886 438 3936 inter
458 3888 537 3936 duces
557 3886 702 3938 Alexandri
723 3887 798 3949 primi
835 3882 912 3933 modo
924 3884 1023 3947 ingens,
1031 3889 1080 3935 irc.
1097 3886 1113 3915 ⁹
1140 3887 1215 3937 idest.

265 3960 384 4011 nominis.
417 3962 491 4011 Idem.
869 3958 936 4008 laea
954 3960 1083 4024 legatione]
1100 3963 1368 4027 hgsrimemroat,

298 4036 413 4087 Facilitas
433 4036 601 4085 auctoritatem
620 4040 663 4084 nst
684 4036 798 4087 aroniim
835 4048 892 4082 cum
911 4045 999 4085 tamen
1016 4052 1113 4099 preses
1132 4038 1368 4102 provincirefnerit

264 4112 377 4180 smum]
398 4112 491 4161 Cicero
509 4112 541 4159 ad
561 4112 671 4161 Brutum
681 4112 708 4159 in
721 4110 798 4161 Orat.
834 4108 966 4176 Agricola.
999 4113 1050 4163 Sed
1070 4125 1132 4164 nota
1150 4122 1192 4163 est
1201 4114 1295 4165 divisio
1306 4128 1367 4179 pro·

264 4186 356 4239 ‘Quid
367 4186 435 4237 enim
455 4195 507 4236 tam
525 4186 631 4247 distans,
643 4201 719 4249 qnam
731 4202 747 4235 a
757 4201 797 4236 se-
833 4186 1017 4238 rincisrumab
1034 4187 1153 4253 Angusto
1169 4188 1250 4252 facta,
1266 4186 1316 4251 sic,
1334 4194 1366 4238 ut

264 4264 378 4318 varitate
386 4262 508 4319 comitas?
521 4262 576 4329 quis
585 4268 673 4313 tamen
684 4276 797 4329 nuquam
832 4262 890 4313 alie
901 4263 1020 4329 cesaris,
1030 4263 1087 4314 abre
1098 4264 1188 4330 popuii
1198 4264 1363 4325 dioermtun
