<?xml version="1.0" encoding="UTF-8"?>
<!DOCTYPE html PUBLIC "-//W3C//DTD XHTML 1.0 Transitional//EN"
    "http://www.w3.org/TR/xhtml1/DTD/xhtml1-transitional.dtd">
<html xmlns="http://www.w3.org/1999/xhtml" xml:lang="en" lang="en">
 <head>
  <title>
</title>
<meta http-equiv="Content-Type" content="text/html;charset=utf-8" />
  <meta name='ocr-system' content='tesseract 3.04.00' />
  <meta name='ocr-capabilities' content='ocr_page ocr_carea ocr_par ocr_line ocrx_word'/>
</head>
<body>
  <div class='ocr_page' id='page_1' title='image "./operaomnia04tacigoog/operaomnia04tacigoog_0096.png"; bbox 0 0 3200 4917; ppageno 0'>
   <div class='ocr_carea' id='block_1_1' title="bbox 653 423 1044 479">
    <p class='ocr_par' dir='ltr' id='par_1_1' title="bbox 653 423 1044 479">
     <span class='ocr_line' id='line_1_1' title="bbox 653 423 1044 479; baseline -0.003 -1"><span class='ocrx_word' id='word_1_1' title='bbox 653 429 682 478; x_wconf 74' lang='lat' dir='ltr'>J.</span> <span class='ocrx_word' id='word_1_2' title='bbox 707 428 825 478; x_wconf 73' lang='lat' dir='ltr'>th’stt</span> <span class='ocrx_word' id='word_1_3' title='bbox 846 423 1044 479; x_wconf 71' lang='lat' dir='ltr'>EXGURSUS</span> 
     </span>
    </p>
   </div>
   <div class='ocr_carea' id='block_1_2' title="bbox 830 647 864 696">
    <p class='ocr_par' dir='ltr' id='par_1_2' title="bbox 830 647 864 696">
     <span class='ocr_line' id='line_1_2' title="bbox 830 647 864 696; baseline -0.029 0"><span class='ocrx_word' id='word_1_4' title='bbox 830 647 864 696; x_wconf 77' lang='lat' dir='ltr'>tt.</span> 
     </span>
    </p>
   </div>
   <div class='ocr_carea' id='block_1_3' title="bbox 283 801 1401 1751">
    <p class='ocr_par' dir='ltr' id='par_1_3' title="bbox 283 801 1401 1751">
     <span class='ocr_line' id='line_1_3' title="bbox 326 801 1399 871; baseline -0.007 -9"><span class='ocrx_word' id='word_1_5' title='bbox 326 811 395 862; x_wconf 75' lang='lat' dir='ltr'>Cae.</span> <span class='ocrx_word' id='word_1_6' title='bbox 405 813 446 860; x_wconf 77' lang='lat' dir='ltr'>ta.</span> <span class='ocrx_word' id='word_1_7' title='bbox 462 805 539 862; x_wconf 84' lang='lat' dir='ltr'>Quod</span> <span class='ocrx_word' id='word_1_8' title='bbox 558 808 604 868; x_wconf 86' lang='lat' dir='ltr'>alt,</span> <span class='ocrx_word' id='word_1_9' title='bbox 616 805 726 871; x_wconf 89' lang='lat' dir='ltr'>pedibus</span> <span class='ocrx_word' id='word_1_10' title='bbox 737 804 858 855; x_wconf 89' lang='lat' dir='ltr'>intectis:</span> <span class='ocrx_word' id='word_1_11' title='bbox 876 819 925 854; x_wconf 90' lang='lat' dir='ltr'>nou</span> <span class='ocrx_word' id='word_1_12' title='bbox 939 804 1016 868; x_wconf 88' lang='lat' dir='ltr'>plane</span> <span class='ocrx_word' id='word_1_13' title='bbox 1029 816 1118 852; x_wconf 86' lang='lat' dir='ltr'>verum</span> <span class='ocrx_word' id='word_1_14' title='bbox 1137 808 1188 864; x_wconf 89' lang='lat' dir='ltr'>est,</span> <span class='ocrx_word' id='word_1_15' title='bbox 1199 803 1245 852; x_wconf 90' lang='lat' dir='ltr'>sed</span> <span class='ocrx_word' id='word_1_16' title='bbox 1257 801 1283 852; x_wconf 90' lang='lat' dir='ltr'>in</span> <span class='ocrx_word' id='word_1_17' title='bbox 1296 815 1399 869; x_wconf 88' lang='lat' dir='ltr'>compa-</span> 
     </span>
     <span class='ocr_line' id='line_1_4' title="bbox 293 881 1399 950; baseline -0.009 -10"><span class='ocrx_word' id='word_1_18' title='bbox 293 892 394 940; x_wconf 89' lang='lat' dir='ltr'>ratione</span> <span class='ocrx_word' id='word_1_19' title='bbox 405 901 464 938; x_wconf 90' lang='lat' dir='ltr'>oum</span> <span class='ocrx_word' id='word_1_20' title='bbox 482 887 575 937; x_wconf 88' lang='lat' dir='ltr'>calceis</span> <span class='ocrx_word' id='word_1_21' title='bbox 596 886 736 946; x_wconf 73' lang='lat' dir='ltr'>Romanis3</span> <span class='ocrx_word' id='word_1_22' title='bbox 752 885 797 950; x_wconf 84' lang='lat' dir='ltr'>qui</span> <span class='ocrx_word' id='word_1_23' title='bbox 817 884 958 945; x_wconf 89' lang='lat' dir='ltr'>altiusculi,</span> <span class='ocrx_word' id='word_1_24' title='bbox 977 897 1028 933; x_wconf 92' lang='lat' dir='ltr'>non</span> <span class='ocrx_word' id='word_1_25' title='bbox 1050 884 1131 933; x_wconf 89' lang='lat' dir='ltr'>solnm</span> <span class='ocrx_word' id='word_1_26' title='bbox 1154 883 1219 932; x_wconf 90' lang='lat' dir='ltr'>imos</span> <span class='ocrx_word' id='word_1_27' title='bbox 1239 883 1329 946; x_wconf 86' lang='lat' dir='ltr'>pedes,</span> <span class='ocrx_word' id='word_1_28' title='bbox 1350 881 1399 933; x_wconf 87' lang='lat' dir='ltr'>sed</span> 
     </span>
     <span class='ocr_line' id='line_1_5' title="bbox 292 963 1398 1028; baseline -0.007 -8"><span class='ocrx_word' id='word_1_29' title='bbox 292 971 371 1020; x_wconf 90' lang='lat' dir='ltr'>tibias</span> <span class='ocrx_word' id='word_1_30' title='bbox 393 967 516 1017; x_wconf 80' lang='lat' dir='ltr'>velabant</span> <span class='ocrx_word' id='word_1_31' title='bbox 542 981 618 1018; x_wconf 88' lang='lat' dir='ltr'>crure</span> <span class='ocrx_word' id='word_1_32' title='bbox 646 973 729 1016; x_wconf 80' lang='lat' dir='ltr'>tensus.</span> <span class='ocrx_word' id='word_1_33' title='bbox 763 963 905 1014; x_wconf 76' lang='lat' dir='ltr'><strong>Horatius:</strong></span> <span class='ocrx_word' id='word_1_34' title='bbox 932 964 1041 1028; x_wconf 74' lang='lat' dir='ltr'>‘nigris</span> <span class='ocrx_word' id='word_1_35' title='bbox 1060 964 1171 1014; x_wconf 90' lang='lat' dir='ltr'>medium</span> <span class='ocrx_word' id='word_1_36' title='bbox 1192 963 1311 1027; x_wconf 82' lang='lat' dir='ltr'>impediit</span> <span class='ocrx_word' id='word_1_37' title='bbox 1339 977 1398 1014; x_wconf 86' lang='lat' dir='ltr'>erus</span> 
     </span>
     <span class='ocr_line' id='line_1_6' title="bbox 293 1043 1399 1111; baseline -0.005 -11"><span class='ocrx_word' id='word_1_38' title='bbox 293 1049 428 1101; x_wconf 67' lang='lat' dir='ltr'>Pellibus!</span> <span class='ocrx_word' id='word_1_39' title='bbox 457 1048 568 1098; x_wconf 79' lang='lat' dir='ltr'>&#39;l&#39;itinius</span> <span class='ocrx_word' id='word_1_40' title='bbox 579 1049 603 1097; x_wconf 92' lang='lat' dir='ltr'>iu</span> <span class='ocrx_word' id='word_1_41' title='bbox 614 1047 718 1097; x_wconf 84' lang='lat' dir='ltr'>Setius:</span> <span class='ocrx_word' id='word_1_42' title='bbox 735 1047 743 1074; x_wconf 86' lang='lat'>‘</span> <span class='ocrx_word' id='word_1_43' title='bbox 756 1045 817 1098; x_wconf 82' lang='lat' dir='ltr'>Jam</span> <span class='ocrx_word' id='word_1_44' title='bbox 829 1059 887 1094; x_wconf 89' lang='lat' dir='ltr'>cum</span> <span class='ocrx_word' id='word_1_45' title='bbox 899 1044 999 1094; x_wconf 86' lang='lat' dir='ltr'>mulleis</span> <span class='ocrx_word' id='word_1_46' title='bbox 1012 1053 1039 1094; x_wconf 89' lang='lat' dir='ltr'>te</span> <span class='ocrx_word' id='word_1_47' title='bbox 1055 1045 1200 1106; x_wconf 67' lang='lat' dir='ltr'>ostendisti,</span> <span class='ocrx_word' id='word_1_48' title='bbox 1212 1059 1276 1111; x_wconf 85' lang='lat' dir='ltr'>qnos</span> <span class='ocrx_word' id='word_1_49' title='bbox 1288 1043 1399 1094; x_wconf 89' lang='lat' dir='ltr'>tibiatim</span> 
     </span>
     <span class='ocr_line' id='line_1_7' title="bbox 293 1123 1399 1188; baseline -0.005 -8"><span class='ocrx_word' id='word_1_50' title='bbox 293 1129 414 1181; x_wconf 86' lang='lat' dir='ltr'>calceas.&#39;</span> <span class='ocrx_word' id='word_1_51' title='bbox 444 1127 618 1179; x_wconf 79' lang='lat' dir='ltr'>Tertullianus</span> <span class='ocrx_word' id='word_1_52' title='bbox 637 1127 670 1176; x_wconf 90' lang='lat' dir='ltr'>de</span> <span class='ocrx_word' id='word_1_53' title='bbox 688 1126 790 1175; x_wconf 88' lang='lat' dir='ltr'>Pallio:</span> <span class='ocrx_word' id='word_1_54' title='bbox 818 1125 826 1151; x_wconf 87' lang='lat'>‘</span> <span class='ocrx_word' id='word_1_55' title='bbox 847 1123 952 1187; x_wconf 87' lang='lat' dir='ltr'>impuro</span> <span class='ocrx_word' id='word_1_56' title='bbox 973 1125 1042 1174; x_wconf 88' lang='lat' dir='ltr'>cruri</span> <span class='ocrx_word' id='word_1_57' title='bbox 1065 1139 1156 1188; x_wconf 88' lang='lat' dir='ltr'>purum</span> <span class='ocrx_word' id='word_1_58' title='bbox 1184 1131 1230 1174; x_wconf 88' lang='lat' dir='ltr'>aut</span> <span class='ocrx_word' id='word_1_59' title='bbox 1250 1125 1399 1175; x_wconf 87' lang='lat' dir='ltr'>mulleolum</span> 
     </span>
     <span class='ocr_line' id='line_1_8' title="bbox 292 1203 1401 1268; baseline -0.005 -8"><span class='ocrx_word' id='word_1_60' title='bbox 292 1209 395 1260; x_wconf 83' lang='lat' dir='ltr'>inducit</span> <span class='ocrx_word' id='word_1_61' title='bbox 416 1209 549 1259; x_wconf 73' lang='lat' dir='ltr'>calceum!</span> <span class='ocrx_word' id='word_1_62' title='bbox 581 1211 617 1256; x_wconf 88' lang='lat' dir='ltr'>Et</span> <span class='ocrx_word' id='word_1_63' title='bbox 635 1212 723 1256; x_wconf 85' lang='lat' dir='ltr'>exstat</span> <span class='ocrx_word' id='word_1_64' title='bbox 742 1205 892 1268; x_wconf 85' lang='lat' dir='ltr'>exemplum</span> <span class='ocrx_word' id='word_1_65' title='bbox 913 1203 989 1255; x_wconf 88' lang='lat' dir='ltr'>hodio</span> <span class='ocrx_word' id='word_1_66' title='bbox 1009 1205 1035 1253; x_wconf 89' lang='lat' dir='ltr'>in</span> <span class='ocrx_word' id='word_1_67' title='bbox 1059 1205 1154 1254; x_wconf 88' lang='lat' dir='ltr'>calceis</span> <span class='ocrx_word' id='word_1_68' title='bbox 1174 1205 1318 1254; x_wconf 87' lang='lat' dir='ltr'>Turcarum</span> <span class='ocrx_word' id='word_1_69' title='bbox 1331 1205 1401 1254; x_wconf 88' lang='lat' dir='ltr'>Pau-</span> 
     </span>
     <span class='ocr_line' id='line_1_9' title="bbox 293 1286 1400 1354; baseline -0.004 -14"><span class='ocrx_word' id='word_1_70' title='bbox 293 1291 492 1354; x_wconf 89' lang='lat' dir='ltr'>noniornmque.</span> <span class='ocrx_word' id='word_1_71' title='bbox 529 1287 568 1336; x_wconf 79' lang='lat' dir='ltr'>As</span> <span class='ocrx_word' id='word_1_72' title='bbox 589 1286 713 1350; x_wconf 71' lang='lat' dir='ltr'>crepida,</span> <span class='ocrx_word' id='word_1_73' title='bbox 735 1286 821 1346; x_wconf 71' lang='lat' dir='ltr'>soleas,</span> <span class='ocrx_word' id='word_1_74' title='bbox 845 1287 991 1349; x_wconf 86' lang='lat' dir='ltr'>plantarum</span> <span class='ocrx_word' id='word_1_75' title='bbox 1008 1287 1095 1335; x_wconf 88' lang='lat' dir='ltr'>calces</span> <span class='ocrx_word' id='word_1_76' title='bbox 1117 1292 1218 1335; x_wconf 89' lang='lat' dir='ltr'>tantmn</span> <span class='ocrx_word' id='word_1_77' title='bbox 1236 1286 1300 1334; x_wconf 85' lang='lat' dir='ltr'>imas</span> <span class='ocrx_word' id='word_1_78' title='bbox 1328 1290 1400 1350; x_wconf 72' lang='lat' dir='ltr'>tege·</span> 
     </span>
     <span class='ocr_line' id='line_1_10' title="bbox 292 1363 1401 1431; baseline -0.003 -12"><span class='ocrx_word' id='word_1_79' title='bbox 292 1371 367 1431; x_wconf 89' lang='lat' dir='ltr'>bant,</span> <span class='ocrx_word' id='word_1_80' title='bbox 386 1369 482 1418; x_wconf 90' lang='lat' dir='ltr'>ceteris</span> <span class='ocrx_word' id='word_1_81' title='bbox 500 1367 556 1417; x_wconf 80' lang='lat' dir='ltr'>iere</span> <span class='ocrx_word' id='word_1_82' title='bbox 575 1367 660 1416; x_wconf 89' lang='lat' dir='ltr'>undis.</span> <span class='ocrx_word' id='word_1_83' title='bbox 693 1367 758 1416; x_wconf 86' lang='lat' dir='ltr'>Ideo</span> <span class='ocrx_word' id='word_1_84' title='bbox 769 1365 1221 1431; x_wconf 70' lang='lat' dir='ltr'>beneuoster,‘pedibnsinteclis!</span> <span class='ocrx_word' id='word_1_85' title='bbox 1255 1363 1401 1416; x_wconf 85' lang='lat' dir='ltr'>Huncaen·</span> 
     </span>
     <span class='ocr_line' id='line_1_11' title="bbox 294 1444 1401 1511; baseline -0.004 -13"><span class='ocrx_word' id='word_1_86' title='bbox 294 1463 350 1498; x_wconf 90' lang='lat' dir='ltr'>snm</span> <span class='ocrx_word' id='word_1_87' title='bbox 362 1449 448 1497; x_wconf 82' lang='lat' dir='ltr'>firmat</span> <span class='ocrx_word' id='word_1_88' title='bbox 465 1448 531 1510; x_wconf 91' lang='lat' dir='ltr'>ipse,</span> <span class='ocrx_word' id='word_1_89' title='bbox 542 1447 603 1496; x_wconf 91' lang='lat' dir='ltr'>dum</span> <span class='ocrx_word' id='word_1_90' title='bbox 622 1446 724 1496; x_wconf 86' lang='lat' dir='ltr'>subdit:</span> <span class='ocrx_word' id='word_1_91' title='bbox 741 1448 749 1475; x_wconf 80' lang='lat'><strong><em>⁴</em></strong></span> <span class='ocrx_word' id='word_1_92' title='bbox 760 1448 792 1497; x_wconf 91' lang='lat' dir='ltr'>P.</span> <span class='ocrx_word' id='word_1_93' title='bbox 804 1447 933 1510; x_wconf 81' lang='lat' dir='ltr'>Scipionis</span> <span class='ocrx_word' id='word_1_94' title='bbox 944 1447 1119 1510; x_wconf 68' lang='lat' dir='ltr'>emulatione,</span> <span class='ocrx_word' id='word_1_95' title='bbox 1134 1461 1210 1511; x_wconf 86' lang='lat' dir='ltr'>quem</span> <span class='ocrx_word' id='word_1_96' title='bbox 1222 1446 1313 1496; x_wconf 87' lang='lat' dir='ltr'>eadem</span> <span class='ocrx_word' id='word_1_97' title='bbox 1324 1444 1401 1495; x_wconf 84' lang='lat' dir='ltr'>facti-</span> 
     </span>
     <span class='ocr_line' id='line_1_12' title="bbox 293 1522 1399 1590; baseline -0.005 -13"><span class='ocrx_word' id='word_1_98' title='bbox 293 1529 391 1577; x_wconf 85' lang='lat' dir='ltr'>tavisse</span> <span class='ocrx_word' id='word_1_99' title='bbox 413 1526 483 1590; x_wconf 87' lang='lat' dir='ltr'>apud</span> <span class='ocrx_word' id='word_1_100' title='bbox 503 1527 616 1577; x_wconf 81' lang='lat' dir='ltr'>Siciliam</span> <span class='ocrx_word' id='word_1_101' title='bbox 637 1525 803 1589; x_wconf 70' lang='lat' dir='ltr'>accepimus!</span> <span class='ocrx_word' id='word_1_102' title='bbox 836 1525 923 1590; x_wconf 82' lang='lat' dir='ltr'>Scipio</span> <span class='ocrx_word' id='word_1_103' title='bbox 942 1530 1027 1576; x_wconf 89' lang='lat' dir='ltr'>autem</span> <span class='ocrx_word' id='word_1_104' title='bbox 1048 1525 1084 1574; x_wconf 90' lang='lat' dir='ltr'>ibi</span> <span class='ocrx_word' id='word_1_105' title='bbox 1106 1525 1264 1588; x_wconf 75' lang='lat' dir='ltr'>crepidatus.</span> <span class='ocrx_word' id='word_1_106' title='bbox 1297 1522 1399 1574; x_wconf 87' lang='lat' dir='ltr'>Livias:</span> 
     </span>
     <span class='ocr_line' id='line_1_13' title="bbox 283 1594 1400 1672; baseline -0.003 -16"><span class='ocrx_word' id='word_1_107' title='bbox 283 1594 303 1637; x_wconf 55' lang='grc' dir='ltr'>’ί</span> <span class='ocrx_word' id='word_1_108' title='bbox 316 1607 404 1671; x_wconf 88' lang='lat' dir='ltr'>Ipsius</span> <span class='ocrx_word' id='word_1_109' title='bbox 423 1607 502 1657; x_wconf 87' lang='lat' dir='ltr'>etiam</span> <span class='ocrx_word' id='word_1_110' title='bbox 520 1607 690 1672; x_wconf 88' lang='lat' dir='ltr'>Imperatoris</span> <span class='ocrx_word' id='word_1_111' title='bbox 711 1622 763 1657; x_wconf 90' lang='lat' dir='ltr'>non</span> <span class='ocrx_word' id='word_1_112' title='bbox 780 1607 914 1657; x_wconf 89' lang='lat' dir='ltr'>Romanus</span> <span class='ocrx_word' id='word_1_113' title='bbox 932 1607 1019 1670; x_wconf 91' lang='lat' dir='ltr'>modo,</span> <span class='ocrx_word' id='word_1_114' title='bbox 1039 1607 1084 1655; x_wconf 89' lang='lat' dir='ltr'>sed</span> <span class='ocrx_word' id='word_1_115' title='bbox 1106 1620 1139 1655; x_wconf 91' lang='lat' dir='ltr'>ne</span> <span class='ocrx_word' id='word_1_116' title='bbox 1160 1605 1279 1656; x_wconf 86' lang='lat' dir='ltr'>militaris</span> <span class='ocrx_word' id='word_1_117' title='bbox 1295 1603 1400 1669; x_wconf 87' lang='lat' dir='ltr'>quidem</span> 
     </span>
     <span class='ocr_line' id='line_1_14' title="bbox 294 1683 1400 1751; baseline -0.005 -15"><span class='ocrx_word' id='word_1_118' title='bbox 294 1686 555 1750; x_wconf 78' lang='lat' dir='ltr'>cnltnsjnctabstur3</span> <span class='ocrx_word' id='word_1_119' title='bbox 572 1702 631 1738; x_wconf 91' lang='lat' dir='ltr'>cnm</span> <span class='ocrx_word' id='word_1_120' title='bbox 651 1688 731 1751; x_wconf 89' lang='lat' dir='ltr'>pallio</span> <span class='ocrx_word' id='word_1_121' title='bbox 741 1686 907 1751; x_wconf 75' lang='lat' dir='ltr'>crepidisque</span> <span class='ocrx_word' id='word_1_122' title='bbox 924 1687 1084 1736; x_wconf 73' lang='lat' dir='ltr'>inambulare</span> <span class='ocrx_word' id='word_1_123' title='bbox 1097 1687 1122 1734; x_wconf 91' lang='lat' dir='ltr'>in</span> <span class='ocrx_word' id='word_1_124' title='bbox 1138 1684 1287 1750; x_wconf 64' lang='lat' dir='ltr'>gymnasio!</span> <span class='ocrx_word' id='word_1_125' title='bbox 1321 1683 1400 1736; x_wconf 79' lang='lat' dir='ltr'>Quod</span> 
     </span>
    </p>
   </div>
   <div class='ocr_carea' id='block_1_4' title="bbox 203 1764 1399 1827">
    <p class='ocr_par' dir='ltr' id='par_1_4' title="bbox 203 1764 1399 1827">
     <span class='ocr_line' id='line_1_15' title="bbox 203 1764 1399 1827; baseline -0.002 -13"><span class='ocrx_word' id='word_1_126' title='bbox 203 1806 208 1814; x_wconf 92' lang='lat'><em>.</em></span> <span class='ocrx_word' id='word_1_127' title='bbox 293 1771 381 1815; x_wconf 90' lang='lat' dir='ltr'>tamen</span> <span class='ocrx_word' id='word_1_128' title='bbox 392 1766 469 1815; x_wconf 87' lang='lat' dir='ltr'>molle</span> <span class='ocrx_word' id='word_1_129' title='bbox 480 1773 509 1816; x_wconf 90' lang='lat' dir='ltr'>et</span> <span class='ocrx_word' id='word_1_130' title='bbox 519 1765 695 1816; x_wconf 79' lang='lat' dir='ltr'>effeminatum</span> <span class='ocrx_word' id='word_1_131' title='bbox 705 1766 877 1816; x_wconf 89' lang='lat' dir='ltr'>censebatur:</span> <span class='ocrx_word' id='word_1_132' title='bbox 895 1771 923 1815; x_wconf 92' lang='lat' dir='ltr'>et</span> <span class='ocrx_word' id='word_1_133' title='bbox 942 1767 1064 1815; x_wconf 77' lang='lat' dir='ltr'>Manilius</span> <span class='ocrx_word' id='word_1_134' title='bbox 1084 1765 1208 1815; x_wconf 85' lang='lat' dir='ltr'>delicatos</span> <span class='ocrx_word' id='word_1_135' title='bbox 1226 1764 1332 1827; x_wconf 87' lang='lat' dir='ltr'>insignit</span> <span class='ocrx_word' id='word_1_136' title='bbox 1351 1765 1399 1812; x_wconf 85' lang='lat' dir='ltr'>lrac</span> 
     </span>
    </p>
   </div>
   <div class='ocr_carea' id='block_1_5' title="bbox 286 1842 1402 2786">
    <p class='ocr_par' dir='ltr' id='par_1_5' title="bbox 286 1842 1402 2786">
     <span class='ocr_line' id='line_1_16' title="bbox 293 1842 1401 1908; baseline -0.003 -13"><span class='ocrx_word' id='word_1_137' title='bbox 293 1853 373 1895; x_wconf 86' lang='lat' dir='ltr'>nota:</span> <span class='ocrx_word' id='word_1_138' title='bbox 389 1847 539 1895; x_wconf 75' lang='lat' dir='ltr'>‘Femineae</span> <span class='ocrx_word' id='word_1_139' title='bbox 552 1852 648 1906; x_wconf 81' lang='lat' dir='ltr'>restes,</span> <span class='ocrx_word' id='word_1_140' title='bbox 658 1861 733 1896; x_wconf 82' lang='lat' dir='ltr'>nexae</span> <span class='ocrx_word' id='word_1_141' title='bbox 744 1848 799 1895; x_wconf 89' lang='lat' dir='ltr'>sine</span> <span class='ocrx_word' id='word_1_142' title='bbox 812 1845 927 1908; x_wconf 80' lang='lat' dir='ltr'>tegmine</span> <span class='ocrx_word' id='word_1_143' title='bbox 937 1845 1053 1908; x_wconf 68' lang='lat' dir='ltr'>planta!</span> <span class='ocrx_word' id='word_1_144' title='bbox 1088 1845 1126 1895; x_wconf 89' lang='lat' dir='ltr'>Ut</span> <span class='ocrx_word' id='word_1_145' title='bbox 1145 1844 1261 1906; x_wconf 76' lang='lat' dir='ltr'>Scaliger</span> <span class='ocrx_word' id='word_1_146' title='bbox 1280 1842 1401 1893; x_wconf 84' lang='lat' dir='ltr'>emenda·</span> 
     </span>
     <span class='ocr_line' id='line_1_17' title="bbox 293 1925 1401 1991; baseline -0.002 -17"><span class='ocrx_word' id='word_1_147' title='bbox 293 1926 349 1987; x_wconf 85' lang='lat' dir='ltr'>vit;</span> <span class='ocrx_word' id='word_1_148' title='bbox 370 1926 420 1976; x_wconf 87' lang='lat' dir='ltr'>etsi</span> <span class='ocrx_word' id='word_1_149' title='bbox 431 1932 505 1976; x_wconf 85' lang='lat' dir='ltr'>retus</span> <span class='ocrx_word' id='word_1_150' title='bbox 516 1927 751 1989; x_wconf 61' lang='lat' dir='ltr'>leonumlonum</span> <span class='ocrx_word' id='word_1_151' title='bbox 770 1927 891 1988; x_wconf 76' lang='lat' dir='ltr'>tegmina:</span> <span class='ocrx_word' id='word_1_152' title='bbox 909 1941 941 1975; x_wconf 84' lang='lat' dir='ltr'>cx</span> <span class='ocrx_word' id='word_1_153' title='bbox 953 1941 1004 1991; x_wconf 85' lang='lat' dir='ltr'>qua</span> <span class='ocrx_word' id='word_1_154' title='bbox 1016 1925 1158 1988; x_wconf 82' lang='lat' dir='ltr'>tentabam,</span> <span class='ocrx_word' id='word_1_155' title='bbox 1168 1939 1210 1974; x_wconf 78' lang='lat' dir='ltr'>ses</span> <span class='ocrx_word' id='word_1_156' title='bbox 1220 1925 1247 1973; x_wconf 81' lang='lat' dir='ltr'>is</span> <span class='ocrx_word' id='word_1_157' title='bbox 1265 1939 1332 1973; x_wconf 70' lang='lat' dir='ltr'>uass</span> <span class='ocrx_word' id='word_1_158' title='bbox 1349 1929 1401 1986; x_wconf 71' lang='lat' dir='ltr'>teg·</span> 
     </span>
     <span class='ocr_line' id='line_1_18' title="bbox 293 2001 1400 2069; baseline -0.002 -15"><span class='ocrx_word' id='word_1_159' title='bbox 293 2005 367 2054; x_wconf 68' lang='lat' dir='ltr'>m.</span> <span class='ocrx_word' id='word_1_160' title='bbox 399 2005 610 2055; x_wconf 85' lang='lat' dir='ltr'>Dionem·etiam</span> <span class='ocrx_word' id='word_1_161' title='bbox 631 2019 682 2055; x_wconf 91' lang='lat' dir='ltr'>non</span> <span class='ocrx_word' id='word_1_162' title='bbox 702 2006 779 2055; x_wconf 88' lang='lat' dir='ltr'>aliter</span> <span class='ocrx_word' id='word_1_163' title='bbox 794 2005 915 2067; x_wconf 86' lang='lat' dir='ltr'>exaudio,</span> <span class='ocrx_word' id='word_1_164' title='bbox 934 2005 967 2055; x_wconf 87' lang='lat' dir='ltr'>de</span> <span class='ocrx_word' id='word_1_165' title='bbox 986 2006 1110 2069; x_wconf 68' lang='lat' dir='ltr'>Caligula</span> <span class='ocrx_word' id='word_1_166' title='bbox 1128 2004 1211 2054; x_wconf 87' lang='lat' dir='ltr'>ludis:</span> <span class='ocrx_word' id='word_1_167' title='bbox 1230 2003 1269 2054; x_wconf 80' lang='lat' dir='ltr'>rai</span> <span class='ocrx_word' id='word_1_168' title='bbox 1285 2005 1339 2066; x_wconf 61' lang='lat' dir='ltr'>ltin</span> <span class='ocrx_word' id='word_1_169' title='bbox 1360 2001 1400 2052; x_wconf 81' lang='lat' dir='ltr'>rai</span> 
     </span>
     <span class='ocr_line' id='line_1_19' title="bbox 293 2081 1401 2149; baseline -0.001 -15"><span class='ocrx_word' id='word_1_170' title='bbox 293 2084 447 2144; x_wconf 60' lang='lat' dir='ltr'>dnnodhrw</span> <span class='ocrx_word' id='word_1_171' title='bbox 454 2085 607 2147; x_wconf 64' lang='grc' dir='ltr'>βουλομένοις</span> <span class='ocrx_word' id='word_1_172' title='bbox 623 2083 760 2148; x_wconf 64' lang='grc' dir='ltr'>θεάσασθαι,</span> <span class='ocrx_word' id='word_1_173' title='bbox 778 2085 929 2149; x_wconf 72' lang='grc' dir='ltr'><strong><em>νομιζόμενον</em></strong></span> <span class='ocrx_word' id='word_1_174' title='bbox 938 2085 982 2147; x_wconf 73' lang='grc' dir='ltr'>μέν</span> <span class='ocrx_word' id='word_1_175' title='bbox 992 2103 1038 2135; x_wconf 80' lang='lat' dir='ltr'>aon</span> <span class='ocrx_word' id='word_1_176' title='bbox 1054 2085 1101 2134; x_wconf 71' lang='lat' dir='ltr'>ten</span> <span class='ocrx_word' id='word_1_177' title='bbox 1117 2083 1231 2134; x_wconf 74' lang='lat' dir='ltr'>roirdrn</span> <span class='ocrx_word' id='word_1_178' title='bbox 1246 2081 1401 2148; x_wconf 52' lang='lat' dir='ltr'>dacianum</span> 
     </span>
     <span class='ocr_line' id='line_1_20' title="bbox 293 2163 1402 2230; baseline -0.002 -16"><span class='ocrx_word' id='word_1_179' title='bbox 293 2164 397 2228; x_wconf 68' lang='grc' dir='ltr'>δικάζειν</span> <span class='ocrx_word' id='word_1_180' title='bbox 415 2165 481 2215; x_wconf 77' lang='lat' dir='ltr'>&#39;reads</span> <span class='ocrx_word' id='word_1_181' title='bbox 499 2167 525 2214; x_wconf 73' lang='lat' dir='ltr'>da</span> <span class='ocrx_word' id='word_1_182' title='bbox 548 2170 583 2227; x_wconf 71' lang='grc' dir='ltr'>τῷ</span> <span class='ocrx_word' id='word_1_183' title='bbox 601 2164 661 2228; x_wconf 69' lang='grc' dir='ltr'>θέρει</span> <span class='ocrx_word' id='word_1_184' title='bbox 678 2166 759 2230; x_wconf 69' lang='lat' dir='ltr'>ebrus,</span> <span class='ocrx_word' id='word_1_185' title='bbox 777 2167 817 2215; x_wconf 79' lang='lat' dir='ltr'>sani</span> <span class='ocrx_word' id='word_1_186' title='bbox 832 2165 949 2215; x_wconf 69' lang='grc' dir='ltr'>πολλάκις</span> <span class='ocrx_word' id='word_1_187' title='bbox 967 2165 1007 2216; x_wconf 78' lang='lat' dir='ltr'>rai</span> <span class='ocrx_word' id='word_1_188' title='bbox 1028 2164 1073 2214; x_wconf 74' lang='lat' dir='ltr'>orb</span> <span class='ocrx_word' id='word_1_189' title='bbox 1090 2167 1133 2214; x_wconf 82' lang='grc' dir='ltr'>τοῦ</span> <span class='ocrx_word' id='word_1_190' title='bbox 1151 2163 1289 2227; x_wconf 59' lang='grc' dir='ltr'><strong>Αὖγούστου</strong></span> <span class='ocrx_word' id='word_1_191' title='bbox 1305 2165 1331 2213; x_wconf 72' lang='lat' dir='ltr'>ts</span> <span class='ocrx_word' id='word_1_192' title='bbox 1348 2164 1402 2213; x_wconf 74' lang='lat' dir='ltr'>‘ruis</span> 
     </span>
     <span class='ocr_line' id='line_1_21' title="bbox 294 2243 1400 2309; baseline 0.001 -16"><span class='ocrx_word' id='word_1_193' title='bbox 294 2247 393 2307; x_wconf 68' lang='grc' dir='ltr'>θερινοῖς</span> <span class='ocrx_word' id='word_1_194' title='bbox 417 2243 562 2309; x_wconf 63' lang='lat' dir='ltr'>vaenipeta</span> <span class='ocrx_word' id='word_1_195' title='bbox 589 2244 724 2306; x_wconf 72' lang='grc' dir='ltr'>γενόμενον,</span> <span class='ocrx_word' id='word_1_196' title='bbox 749 2245 873 2308; x_wconf 67' lang='grc' dir='ltr'><strong><em>ἐκλειφθὲν</em></strong></span> <span class='ocrx_word' id='word_1_197' title='bbox 889 2245 915 2294; x_wconf 78' lang='lat' dir='ltr'>ti</span> <span class='ocrx_word' id='word_1_198' title='bbox 932 2245 976 2294; x_wconf 70' lang='lat' dir='ltr'>tab</span> <span class='ocrx_word' id='word_1_199' title='bbox 991 2248 1035 2294; x_wconf 76' lang='grc' dir='ltr'>τοῦ</span> <span class='ocrx_word' id='word_1_200' title='bbox 1051 2243 1174 2309; x_wconf 68' lang='grc' dir='ltr'><strong>Τιβερίουι</strong></span> <span class='ocrx_word' id='word_1_201' title='bbox 1193 2245 1220 2294; x_wconf 83' lang='lat' dir='ltr'>iti</span> <span class='ocrx_word' id='word_1_202' title='bbox 1237 2249 1293 2294; x_wconf 80' lang='lat' dir='ltr'>est:</span> <span class='ocrx_word' id='word_1_203' title='bbox 1315 2244 1400 2294; x_wconf 73' lang='lat' dir='ltr'>Voleu-</span> 
     </span>
     <span class='ocr_line' id='line_1_22' title="bbox 293 2323 1400 2390; baseline -0.001 -16"><span class='ocrx_word' id='word_1_204' title='bbox 293 2325 358 2373; x_wconf 82' lang='lat' dir='ltr'>ta&#39;bsss</span> <span class='ocrx_word' id='word_1_205' title='bbox 366 2326 440 2374; x_wconf 64' lang='lat' dir='ltr'>dinsa</span> <span class='ocrx_word' id='word_1_206' title='bbox 448 2327 595 2375; x_wconf 73' lang='lat' dir='ltr'>dimicentis</span> <span class='ocrx_word' id='word_1_207' title='bbox 604 2330 710 2389; x_wconf 72' lang='lat' dir='ltr'>spectum</span> <span class='ocrx_word' id='word_1_208' title='bbox 719 2327 856 2389; x_wconf 79' lang='lat' dir='ltr'>permissum</span> <span class='ocrx_word' id='word_1_209' title='bbox 868 2343 876 2376; x_wconf 85' lang='lat'>.·</span> <span class='ocrx_word' id='word_1_210' title='bbox 887 2329 947 2390; x_wconf 81' lang='lat' dir='ltr'>quod</span> <span class='ocrx_word' id='word_1_211' title='bbox 961 2327 1074 2375; x_wconf 80' lang='lat' dir='ltr'>usitatum</span> <span class='ocrx_word' id='word_1_212' title='bbox 1090 2327 1148 2376; x_wconf 70' lang='lat' dir='ltr'>odra</span> <span class='ocrx_word' id='word_1_213' title='bbox 1155 2343 1166 2385; x_wconf 90' lang='lat'>‚·</span> <span class='ocrx_word' id='word_1_214' title='bbox 1178 2330 1209 2375; x_wconf 82' lang='lat' dir='ltr'>nl</span> <span class='ocrx_word' id='word_1_215' title='bbox 1222 2325 1295 2374; x_wconf 80' lang='lat' dir='ltr'>stiunt</span> <span class='ocrx_word' id='word_1_216' title='bbox 1304 2323 1400 2388; x_wconf 65' lang='lat' dir='ltr'>pandum</span> 
     </span>
     <span class='ocr_line' id='line_1_23' title="bbox 286 2401 1400 2468; baseline 0 -15"><span class='ocrx_word' id='word_1_217' title='bbox 286 2401 381 2462; x_wconf 68' lang='lat' dir='ltr'>jannis</span> <span class='ocrx_word' id='word_1_218' title='bbox 399 2405 442 2453; x_wconf 85' lang='lat' dir='ltr'>lsoo</span> <span class='ocrx_word' id='word_1_219' title='bbox 457 2405 541 2454; x_wconf 74' lang='lat' dir='ltr'>babitus</span> <span class='ocrx_word' id='word_1_220' title='bbox 558 2407 651 2455; x_wconf 74' lang='lat' dir='ltr'>estatis</span> <span class='ocrx_word' id='word_1_221' title='bbox 661 2411 763 2468; x_wconf 80' lang='lat' dir='ltr'>ternpore</span> <span class='ocrx_word' id='word_1_222' title='bbox 779 2407 968 2467; x_wconf 56' lang='lat' dir='ltr'>annuerint&amp;</span> <span class='ocrx_word' id='word_1_223' title='bbox 980 2406 1162 2468; x_wconf 71' lang='lat' dir='ltr'>ipscAugnstsss</span> <span class='ocrx_word' id='word_1_224' title='bbox 1172 2406 1207 2454; x_wconf 83' lang='lat' dir='ltr'>ito</span> <span class='ocrx_word' id='word_1_225' title='bbox 1218 2403 1400 2468; x_wconf 71' lang='lat' dir='ltr'>sepespeetoeit</span> 
     </span>
     <span class='ocr_line' id='line_1_24' title="bbox 293 2484 1399 2546; baseline 0.003 -15"><span class='ocrx_word' id='word_1_226' title='bbox 293 2484 386 2532; x_wconf 62' lang='lat' dir='ltr'>amos</span> <span class='ocrx_word' id='word_1_227' title='bbox 395 2486 475 2541; x_wconf 64' lang='lat' dir='ltr'>ladon</span> <span class='ocrx_word' id='word_1_228' title='bbox 490 2486 601 2534; x_wconf 69' lang='lat' dir='ltr'>ominans</span> <span class='ocrx_word' id='word_1_229' title='bbox 611 2491 690 2535; x_wconf 79' lang='lat' dir='ltr'>tamea</span> <span class='ocrx_word' id='word_1_230' title='bbox 707 2503 723 2534; x_wconf 87' lang='lat' dir='ltr'>o</span> <span class='ocrx_word' id='word_1_231' title='bbox 736 2486 838 2536; x_wconf 81' lang='lat' dir='ltr'>Tiberio.</span> <span class='ocrx_word' id='word_1_232' title='bbox 872 2486 924 2535; x_wconf 87' lang='lat' dir='ltr'>Ubi</span> <span class='ocrx_word' id='word_1_233' title='bbox 946 2484 1101 2544; x_wconf 53' lang='lat' dir='ltr'>devrffiom</span> <span class='ocrx_word' id='word_1_234' title='bbox 1117 2499 1178 2534; x_wconf 81' lang='lat' dir='ltr'>rere</span> <span class='ocrx_word' id='word_1_235' title='bbox 1196 2484 1318 2546; x_wconf 87' lang='lat' dir='ltr'>verteris,</span> <span class='ocrx_word' id='word_1_236' title='bbox 1334 2484 1399 2534; x_wconf 90' lang='lat' dir='ltr'>sole·</span> 
     </span>
     <span class='ocr_line' id='line_1_25' title="bbox 293 2563 1401 2630; baseline 0.002 -20"><span class='ocrx_word' id='word_1_237' title='bbox 293 2567 351 2612; x_wconf 81' lang='lat' dir='ltr'>etos</span> <span class='ocrx_word' id='word_1_238' title='bbox 370 2567 417 2612; x_wconf 88' lang='lat' dir='ltr'>sut</span> <span class='ocrx_word' id='word_1_239' title='bbox 438 2563 597 2626; x_wconf 84' lang='lat' dir='ltr'>crepidatus.</span> <span class='ocrx_word' id='word_1_240' title='bbox 641 2565 777 2616; x_wconf 83' lang='lat' dir='ltr'>Quomodo</span> <span class='ocrx_word' id='word_1_241' title='bbox 805 2566 885 2614; x_wconf 87' lang='lat' dir='ltr'>etiam</span> <span class='ocrx_word' id='word_1_242' title='bbox 915 2566 1034 2615; x_wconf 80' lang='lat' dir='ltr'>convivia</span> <span class='ocrx_word' id='word_1_243' title='bbox 1054 2563 1257 2630; x_wconf 81' lang='lat' dir='ltr'>frequentabant</span> <span class='ocrx_word' id='word_1_244' title='bbox 1279 2563 1401 2627; x_wconf 85' lang='lat' dir='ltr'>Romani,</span> 
     </span>
     <span class='ocr_line' id='line_1_26' title="bbox 293 2641 1401 2708; baseline 0.003 -17"><span class='ocrx_word' id='word_1_245' title='bbox 293 2641 390 2691; x_wconf 88' lang='lat' dir='ltr'>calceis</span> <span class='ocrx_word' id='word_1_246' title='bbox 407 2642 463 2708; x_wconf 83' lang='lat' dir='ltr'>(qui</span> <span class='ocrx_word' id='word_1_247' title='bbox 482 2643 551 2693; x_wconf 88' lang='lat' dir='ltr'>iuter</span> <span class='ocrx_word' id='word_1_248' title='bbox 567 2642 680 2693; x_wconf 83' lang='lat' dir='ltr'>forensia</span> <span class='ocrx_word' id='word_1_249' title='bbox 702 2643 888 2708; x_wconf 85' lang='lat' dir='ltr'>censebantur)</span> <span class='ocrx_word' id='word_1_250' title='bbox 907 2645 1014 2694; x_wconf 89' lang='lat' dir='ltr'>omissis.</span> <span class='ocrx_word' id='word_1_251' title='bbox 1047 2644 1079 2693; x_wconf 89' lang='lat' dir='ltr'>lu</span> <span class='ocrx_word' id='word_1_252' title='bbox 1091 2645 1160 2696; x_wconf 92' lang='lat' dir='ltr'>omni</span> <span class='ocrx_word' id='word_1_253' title='bbox 1171 2657 1233 2707; x_wconf 74' lang='lat' dir='ltr'>ergo</span> <span class='ocrx_word' id='word_1_254' title='bbox 1243 2643 1401 2708; x_wconf 85' lang='lat' dir='ltr'>remissione,</span> 
     </span>
     <span class='ocr_line' id='line_1_27' title="bbox 292 2723 1399 2786; baseline 0.007 -17"><span class='ocrx_word' id='word_1_255' title='bbox 292 2735 341 2784; x_wconf 89' lang='lat' dir='ltr'>per</span> <span class='ocrx_word' id='word_1_256' title='bbox 357 2723 483 2785; x_wconf 81' lang='lat' dir='ltr'>convivis,</span> <span class='ocrx_word' id='word_1_257' title='bbox 503 2737 551 2786; x_wconf 88' lang='lat' dir='ltr'>per</span> <span class='ocrx_word' id='word_1_258' title='bbox 569 2723 653 2786; x_wconf 87' lang='lat' dir='ltr'>ludos,</span> <span class='ocrx_word' id='word_1_259' title='bbox 672 2737 720 2786; x_wconf 86' lang='lat' dir='ltr'>per</span> <span class='ocrx_word' id='word_1_260' title='bbox 739 2724 830 2786; x_wconf 87' lang='lat' dir='ltr'>otium,</span> <span class='ocrx_word' id='word_1_261' title='bbox 848 2724 956 2774; x_wconf 84' lang='lat' dir='ltr'>Romani</span> <span class='ocrx_word' id='word_1_262' title='bbox 972 2725 1073 2775; x_wconf 79' lang='lat' dir='ltr'>solenti.</span> <span class='ocrx_word' id='word_1_263' title='bbox 1107 2726 1178 2776; x_wconf 87' lang='lat' dir='ltr'>Nota</span> <span class='ocrx_word' id='word_1_264' title='bbox 1189 2725 1258 2775; x_wconf 86' lang='lat' dir='ltr'>enim</span> <span class='ocrx_word' id='word_1_265' title='bbox 1268 2726 1399 2776; x_wconf 88' lang='lat' dir='ltr'>Ciceronis</span> 
     </span>
    </p>
   </div>
   <div class='ocr_carea' id='block_1_6' title="bbox 292 2798 1399 2930">
    <p class='ocr_par' dir='ltr' id='par_1_6' title="bbox 292 2798 1399 2930">
     <span class='ocr_line' id='line_1_28' title="bbox 292 2798 1399 2929; baseline 0.008 -81"><span class='ocrx_word' id='word_1_266' title='bbox 292 2798 441 2929; x_wconf 45' lang='lat' dir='ltr'>inarepatio</span> <span class='ocrx_word' id='word_1_267' title='bbox 458 2804 486 2853; x_wconf 93' lang='lat' dir='ltr'>in</span> <span class='ocrx_word' id='word_1_268' title='bbox 495 2804 615 2869; x_wconf 81' lang='lat' dir='ltr'>Verrem,</span> <span class='ocrx_word' id='word_1_269' title='bbox 625 2803 669 2869; x_wconf 85' lang='lat' dir='ltr'>qni</span> <span class='ocrx_word' id='word_1_270' title='bbox 689 2804 717 2853; x_wconf 89' lang='lat' dir='ltr'>in</span> <span class='ocrx_word' id='word_1_271' title='bbox 736 2805 827 2856; x_wconf 88' lang='lat' dir='ltr'>littore</span> <span class='ocrx_word' id='word_1_272' title='bbox 845 2806 973 2856; x_wconf 85' lang='lat' dir='ltr'>soleatus:</span> <span class='ocrx_word' id='word_1_273' title='bbox 991 2812 1019 2856; x_wconf 89' lang='lat' dir='ltr'>et</span> <span class='ocrx_word' id='word_1_274' title='bbox 1038 2805 1064 2854; x_wconf 93' lang='lat' dir='ltr'>ln</span> <span class='ocrx_word' id='word_1_275' title='bbox 1075 2804 1225 2870; x_wconf 79' lang='lat' dir='ltr'>Antoniam,</span> <span class='ocrx_word' id='word_1_276' title='bbox 1236 2807 1279 2871; x_wconf 90' lang='lat' dir='ltr'>qul</span> <span class='ocrx_word' id='word_1_277' title='bbox 1291 2805 1399 2858; x_wconf 85' lang='lat' dir='ltr'>Gallicis</span> 
     </span>
     <span class='ocr_line' id='line_1_29' title="bbox 293 2879 408 2930; baseline 0.009 -1"><span class='ocrx_word' id='word_1_278' title='bbox 293 2879 322 2929; x_wconf 89' lang='lat' dir='ltr'>in</span> <span class='ocrx_word' id='word_1_279' title='bbox 340 2887 408 2930; x_wconf 88' lang='lat' dir='ltr'>utus.</span> 
     </span>
    </p>
   </div>
   <div class='ocr_carea' id='block_1_7' title="bbox 834 3047 865 3100">
    <p class='ocr_par' dir='ltr' id='par_1_7' title="bbox 834 3047 865 3100">
     <span class='ocr_line' id='line_1_30' title="bbox 834 3047 865 3100; baseline 0 -2"><span class='ocrx_word' id='word_1_280' title='bbox 834 3047 865 3100; x_wconf 80' lang='lat' dir='ltr'>L.</span> 
     </span>
    </p>
   </div>
   <div class='ocr_carea' id='block_1_8' title="bbox 291 3205 1401 4312">
    <p class='ocr_par' dir='ltr' id='par_1_8' title="bbox 291 3205 1401 4312">
     <span class='ocr_line' id='line_1_31' title="bbox 325 3205 1398 3273; baseline 0.006 -20"><span class='ocrx_word' id='word_1_281' title='bbox 325 3205 446 3255; x_wconf 63' lang='lat' dir='ltr'>creto.</span> <span class='ocrx_word' id='word_1_282' title='bbox 477 3205 538 3256; x_wconf 83' lang='lat' dir='ltr'>Mos</span> <span class='ocrx_word' id='word_1_283' title='bbox 560 3206 606 3273; x_wconf 84' lang='lat' dir='ltr'>qni</span> <span class='ocrx_word' id='word_1_284' title='bbox 625 3208 730 3273; x_wconf 88' lang='lat' dir='ltr'>publice</span> <span class='ocrx_word' id='word_1_285' title='bbox 752 3206 897 3271; x_wconf 85' lang='lat' dir='ltr'>obtinebat,</span> <span class='ocrx_word' id='word_1_286' title='bbox 919 3207 1100 3273; x_wconf 81' lang='lat' dir='ltr'>privatimque.</span> <span class='ocrx_word' id='word_1_287' title='bbox 1131 3207 1250 3269; x_wconf 88' lang='lat' dir='ltr'>Publice,</span> <span class='ocrx_word' id='word_1_288' title='bbox 1268 3207 1398 3272; x_wconf 74' lang='lat' dir='ltr'>Liuiusl.</span> 
     </span>
     <span class='ocr_line' id='line_1_32' title="bbox 294 3285 1399 3351; baseline 0.007 -20"><span class='ocrx_word' id='word_1_289' title='bbox 294 3295 396 3332; x_wconf 81' lang='lat' dir='ltr'>xxxva.</span> <span class='ocrx_word' id='word_1_290' title='bbox 413 3285 422 3312; x_wconf 89' lang='lat'>‘</span> <span class='ocrx_word' id='word_1_291' title='bbox 433 3285 551 3336; x_wconf 83' lang='lat' dir='ltr'>Consulti</span> <span class='ocrx_word' id='word_1_292' title='bbox 566 3287 672 3337; x_wconf 77' lang='lat' dir='ltr'>feciales</span> <span class='ocrx_word' id='word_1_293' title='bbox 683 3291 722 3336; x_wconf 85' lang='grc' dir='ltr'>Μ.</span> <span class='ocrx_word' id='word_1_294' title='bbox 733 3288 820 3339; x_wconf 79' lang='lat' dir='ltr'>Acilio</span> <span class='ocrx_word' id='word_1_295' title='bbox 831 3289 951 3350; x_wconf 87' lang='lat' dir='ltr'>Consule,</span> <span class='ocrx_word' id='word_1_296' title='bbox 962 3304 1023 3338; x_wconf 86' lang='lat' dir='ltr'>num</span> <span class='ocrx_word' id='word_1_297' title='bbox 1042 3289 1114 3351; x_wconf 86' lang='lat' dir='ltr'>prins</span> <span class='ocrx_word' id='word_1_298' title='bbox 1125 3287 1216 3336; x_wconf 79' lang='lat' dir='ltr'>AEtolis</span> <span class='ocrx_word' id='word_1_299' title='bbox 1228 3289 1399 3338; x_wconf 83' lang='lat' dir='ltr'>renuntianda</span> 
     </span>
     <span class='ocr_line' id='line_1_33' title="bbox 292 3362 1398 3428; baseline 0.007 -17"><span class='ocrx_word' id='word_1_300' title='bbox 292 3362 498 3425; x_wconf 83' lang='lat' dir='ltr'>amicitiaesset,</span> <span class='ocrx_word' id='word_1_301' title='bbox 513 3377 590 3428; x_wconf 84' lang='lat' dir='ltr'>qnam</span> <span class='ocrx_word' id='word_1_302' title='bbox 611 3365 708 3415; x_wconf 84' lang='lat' dir='ltr'>bellum</span> <span class='ocrx_word' id='word_1_303' title='bbox 727 3366 910 3416; x_wconf 63' lang='lat' dir='ltr'>inferendum?</span> <span class='ocrx_word' id='word_1_304' title='bbox 941 3369 973 3416; x_wconf 88' lang='lat' dir='ltr'>L.</span> <span class='ocrx_word' id='word_1_305' title='bbox 995 3379 1076 3415; x_wconf 82' lang='lat' dir='ltr'>xnrrr.</span> <span class='ocrx_word' id='word_1_306' title='bbox 1088 3365 1095 3393; x_wconf 84' lang='lat'>‘</span> <span class='ocrx_word' id='word_1_307' title='bbox 1109 3365 1183 3413; x_wconf 85' lang='lat' dir='ltr'>Missi</span> <span class='ocrx_word' id='word_1_308' title='bbox 1202 3367 1283 3428; x_wconf 81' lang='lat' dir='ltr'>legati</span> <span class='ocrx_word' id='word_1_309' title='bbox 1298 3369 1398 3418; x_wconf 87' lang='lat' dir='ltr'>Perseo</span> 
     </span>
     <span class='ocr_line' id='line_1_34' title="bbox 293 3440 1399 3511; baseline 0.01 -22"><span class='ocrx_word' id='word_1_310' title='bbox 293 3440 436 3490; x_wconf 87' lang='lat' dir='ltr'>amicitiam</span> <span class='ocrx_word' id='word_1_311' title='bbox 455 3443 652 3493; x_wconf 66' lang='lat' dir='ltr'>renuntiarunt!</span> <span class='ocrx_word' id='word_1_312' title='bbox 684 3445 820 3505; x_wconf 79' lang='lat' dir='ltr'>Privatim,</span> <span class='ocrx_word' id='word_1_313' title='bbox 844 3443 912 3494; x_wconf 85' lang='lat' dir='ltr'>infra</span> <span class='ocrx_word' id='word_1_314' title='bbox 932 3446 949 3492; x_wconf 91' lang='lat' dir='ltr'>l.</span> <span class='ocrx_word' id='word_1_315' title='bbox 966 3459 1005 3494; x_wconf 87' lang='lat' dir='ltr'>vr.</span> <span class='ocrx_word' id='word_1_316' title='bbox 1023 3447 1031 3473; x_wconf 79' lang='lat'><em>⁶</em></span> <span class='ocrx_word' id='word_1_317' title='bbox 1046 3445 1147 3493; x_wconf 85' lang='lat' dir='ltr'>Morem</span> <span class='ocrx_word' id='word_1_318' title='bbox 1169 3443 1247 3495; x_wconf 83' lang='lat' dir='ltr'>fnisse</span> <span class='ocrx_word' id='word_1_319' title='bbox 1259 3448 1399 3511; x_wconf 85' lang='lat' dir='ltr'>majoribus</span> 
     </span>
     <span class='ocr_line' id='line_1_35' title="bbox 292 3520 1399 3595; baseline 0.01 -26"><span class='ocrx_word' id='word_1_320' title='bbox 292 3520 396 3585; x_wconf 81' lang='lat' dir='ltr'>quoties</span> <span class='ocrx_word' id='word_1_321' title='bbox 407 3521 560 3572; x_wconf 84' lang='lat' dir='ltr'>dirimerent</span> <span class='ocrx_word' id='word_1_322' title='bbox 577 3523 713 3582; x_wconf 85' lang='lat' dir='ltr'>amicitias,</span> <span class='ocrx_word' id='word_1_323' title='bbox 731 3523 890 3574; x_wconf 83' lang='lat' dir='ltr'>interdicere</span> <span class='ocrx_word' id='word_1_324' title='bbox 909 3524 996 3587; x_wconf 86' lang='lat' dir='ltr'>domo,</span> <span class='ocrx_word' id='word_1_325' title='bbox 1015 3539 1126 3589; x_wconf 90' lang='lat' dir='ltr'>eumque</span> <span class='ocrx_word' id='word_1_326' title='bbox 1145 3525 1223 3574; x_wconf 88' lang='lat' dir='ltr'>linem</span> <span class='ocrx_word' id='word_1_327' title='bbox 1245 3529 1337 3591; x_wconf 77' lang='lat' dir='ltr'>gratian</span> <span class='ocrx_word' id='word_1_328' title='bbox 1355 3545 1399 3595; x_wconf 92' lang='lat' dir='ltr'>po·</span> 
     </span>
     <span class='ocr_line' id='line_1_36' title="bbox 292 3601 1399 3669; baseline 0.01 -20"><span class='ocrx_word' id='word_1_329' title='bbox 292 3601 376 3650; x_wconf 66' lang='lat' dir='ltr'>nere!</span> <span class='ocrx_word' id='word_1_330' title='bbox 408 3603 439 3652; x_wconf 75' lang='lat'>1..</span> <span class='ocrx_word' id='word_1_331' title='bbox 450 3614 493 3651; x_wconf 83' lang='lat'>111.</span> <span class='ocrx_word' id='word_1_332' title='bbox 505 3603 685 3667; x_wconf 83' lang='lat' dir='ltr'>‘Quamquam</span> <span class='ocrx_word' id='word_1_333' title='bbox 697 3616 748 3652; x_wconf 89' lang='lat' dir='ltr'>non</span> <span class='ocrx_word' id='word_1_334' title='bbox 760 3604 828 3653; x_wconf 86' lang='lat' dir='ltr'>ultra</span> <span class='ocrx_word' id='word_1_335' title='bbox 839 3603 908 3653; x_wconf 88' lang='lat' dir='ltr'>loret</span> <span class='ocrx_word' id='word_1_336' title='bbox 919 3604 1048 3668; x_wconf 74' lang='lat' dir='ltr'>saevitum,</span> <span class='ocrx_word' id='word_1_337' title='bbox 1062 3619 1138 3669; x_wconf 91' lang='lat' dir='ltr'>quam</span> <span class='ocrx_word' id='word_1_338' title='bbox 1150 3613 1180 3655; x_wconf 91' lang='lat' dir='ltr'>nt</span> <span class='ocrx_word' id='word_1_339' title='bbox 1190 3607 1303 3657; x_wconf 87' lang='lat' dir='ltr'>amicitia</span> <span class='ocrx_word' id='word_1_340' title='bbox 1314 3610 1399 3659; x_wconf 76' lang='lat' dir='ltr'>Cass-</span> 
     </span>
     <span class='ocr_line' id='line_1_37' title="bbox 291 3679 1399 3750; baseline 0.01 -22"><span class='ocrx_word' id='word_1_341' title='bbox 291 3679 330 3728; x_wconf 91' lang='lat' dir='ltr'>ria</span> <span class='ocrx_word' id='word_1_342' title='bbox 349 3679 550 3742; x_wconf 67' lang='lat' dir='ltr'>prohiberetur!</span> <span class='ocrx_word' id='word_1_343' title='bbox 582 3681 719 3732; x_wconf 83' lang='lat' dir='ltr'>Suetonius</span> <span class='ocrx_word' id='word_1_344' title='bbox 737 3680 806 3745; x_wconf 72' lang='lat' dir='ltr'>Aug.</span> <span class='ocrx_word' id='word_1_345' title='bbox 826 3697 851 3731; x_wconf 90' lang='lat' dir='ltr'>c.</span> <span class='ocrx_word' id='word_1_346' title='bbox 869 3687 910 3733; x_wconf 82' lang='grc'>66.</span> <span class='ocrx_word' id='word_1_347' title='bbox 927 3684 936 3711; x_wconf 87' lang='lat'>‘</span> <span class='ocrx_word' id='word_1_348' title='bbox 953 3684 1073 3733; x_wconf 86' lang='lat' dir='ltr'>Cornelio</span> <span class='ocrx_word' id='word_1_349' title='bbox 1091 3686 1168 3736; x_wconf 86' lang='lat' dir='ltr'>Gallo</span> <span class='ocrx_word' id='word_1_350' title='bbox 1186 3686 1219 3735; x_wconf 91' lang='lat' dir='ltr'>ob</span> <span class='ocrx_word' id='word_1_351' title='bbox 1231 3687 1359 3750; x_wconf 75' lang='lat' dir='ltr'>ingratum</span> <span class='ocrx_word' id='word_1_352' title='bbox 1371 3693 1399 3740; x_wconf 90' lang='lat' dir='ltr'>et</span> 
     </span>
     <span class='ocr_line' id='line_1_38' title="bbox 292 3759 1399 3824; baseline 0.007 -16"><span class='ocrx_word' id='word_1_353' title='bbox 292 3759 448 3809; x_wconf 82' lang='lat' dir='ltr'>malevolum</span> <span class='ocrx_word' id='word_1_354' title='bbox 467 3759 580 3808; x_wconf 89' lang='lat' dir='ltr'>animum</span> <span class='ocrx_word' id='word_1_355' title='bbox 601 3760 678 3810; x_wconf 89' lang='lat' dir='ltr'>domo</span> <span class='ocrx_word' id='word_1_356' title='bbox 700 3767 728 3810; x_wconf 90' lang='lat' dir='ltr'>et</span> <span class='ocrx_word' id='word_1_357' title='bbox 747 3761 889 3824; x_wconf 82' lang='lat' dir='ltr'>provinciis</span> <span class='ocrx_word' id='word_1_358' title='bbox 908 3762 959 3814; x_wconf 87' lang='lat' dir='ltr'>suis</span> <span class='ocrx_word' id='word_1_359' title='bbox 980 3763 1133 3815; x_wconf 61' lang='lat' dir='ltr'>interdixit)</span> <span class='ocrx_word' id='word_1_360' title='bbox 1176 3765 1250 3816; x_wconf 88' lang='lat' dir='ltr'>idem</span> <span class='ocrx_word' id='word_1_361' title='bbox 1271 3767 1297 3815; x_wconf 89' lang='lat' dir='ltr'>in</span> <span class='ocrx_word' id='word_1_362' title='bbox 1316 3766 1399 3817; x_wconf 76' lang='lat' dir='ltr'>Clario</span> 
     </span>
     <span class='ocr_line' id='line_1_39' title="bbox 292 3837 1399 3912; baseline 0.008 -25"><span class='ocrx_word' id='word_1_363' title='bbox 292 3837 437 3889; x_wconf 79' lang='lat' dir='ltr'>Grammat.</span> <span class='ocrx_word' id='word_1_364' title='bbox 457 3840 491 3890; x_wconf 90' lang='lat' dir='ltr'>de</span> <span class='ocrx_word' id='word_1_365' title='bbox 511 3840 603 3890; x_wconf 86' lang='lat' dir='ltr'>Curtio</span> <span class='ocrx_word' id='word_1_366' title='bbox 622 3841 713 3891; x_wconf 85' lang='lat' dir='ltr'>Nicia:</span> <span class='ocrx_word' id='word_1_367' title='bbox 730 3841 904 3907; x_wconf 86' lang='lat' dir='ltr'>‘Pompeium</span> <span class='ocrx_word' id='word_1_368' title='bbox 923 3844 1039 3911; x_wconf 81' lang='lat' dir='ltr'>offendit,</span> <span class='ocrx_word' id='word_1_369' title='bbox 1050 3846 1176 3912; x_wconf 86' lang='lat' dir='ltr'>domoque</span> <span class='ocrx_word' id='word_1_370' title='bbox 1186 3846 1211 3895; x_wconf 92' lang='lat' dir='ltr'>ei</span> <span class='ocrx_word' id='word_1_371' title='bbox 1230 3846 1399 3896; x_wconf 87' lang='lat' dir='ltr'>interdictum</span> 
     </span>
     <span class='ocr_line' id='line_1_40' title="bbox 292 3918 1399 3990; baseline 0.01 -23"><span class='ocrx_word' id='word_1_372' title='bbox 292 3918 353 3968; x_wconf 63' lang='lat' dir='ltr'>eat)</span> <span class='ocrx_word' id='word_1_373' title='bbox 386 3921 430 3968; x_wconf 80' lang='lat' dir='ltr'>alc</span> <span class='ocrx_word' id='word_1_374' title='bbox 447 3921 545 3971; x_wconf 87' lang='lat' dir='ltr'>Bsdlus</span> <span class='ocrx_word' id='word_1_375' title='bbox 564 3922 711 3986; x_wconf 83' lang='lat' dir='ltr'>Casupsnns</span> <span class='ocrx_word' id='word_1_376' title='bbox 728 3923 798 3986; x_wconf 89' lang='lat' dir='ltr'>apud</span> <span class='ocrx_word' id='word_1_377' title='bbox 817 3925 918 3974; x_wconf 84' lang='lat' dir='ltr'>Livium</span> <span class='ocrx_word' id='word_1_378' title='bbox 939 3939 1006 3976; x_wconf 79' lang='lat' dir='ltr'>xxv.</span> <span class='ocrx_word' id='word_1_379' title='bbox 1027 3927 1109 3990; x_wconf 85' lang='lat' dir='ltr'>palam</span> <span class='ocrx_word' id='word_1_380' title='bbox 1129 3926 1247 3977; x_wconf 91' lang='lat' dir='ltr'>omnibus</span> <span class='ocrx_word' id='word_1_381' title='bbox 1265 3928 1399 3979; x_wconf 87' lang='lat' dir='ltr'>renuntiat</span> 
     </span>
     <span class='ocr_line' id='line_1_41' title="bbox 292 3997 1399 4072; baseline 0.01 -26"><span class='ocrx_word' id='word_1_382' title='bbox 292 3997 431 4060; x_wconf 84' lang='lat' dir='ltr'>hospitium</span> <span class='ocrx_word' id='word_1_383' title='bbox 449 4000 576 4065; x_wconf 84' lang='lat' dir='ltr'>Crispino.</span> <span class='ocrx_word' id='word_1_384' title='bbox 609 4002 698 4068; x_wconf 77' lang='lat' dir='ltr'>Atque</span> <span class='ocrx_word' id='word_1_385' title='bbox 713 4003 761 4053; x_wconf 85' lang='lat' dir='ltr'>lsoc</span> <span class='ocrx_word' id='word_1_386' title='bbox 772 4010 824 4066; x_wconf 92' lang='lat' dir='ltr'>est,</span> <span class='ocrx_word' id='word_1_387' title='bbox 835 4003 903 4068; x_wconf 89' lang='lat' dir='ltr'>quod</span> <span class='ocrx_word' id='word_1_388' title='bbox 915 4005 1006 4056; x_wconf 83' lang='lat' dir='ltr'>Cicero</span> <span class='ocrx_word' id='word_1_389' title='bbox 1022 4007 1170 4057; x_wconf 88' lang='lat' dir='ltr'>inimicitias</span> <span class='ocrx_word' id='word_1_390' title='bbox 1182 4007 1339 4057; x_wconf 87' lang='lat' dir='ltr'>denunciare</span> <span class='ocrx_word' id='word_1_391' title='bbox 1351 4007 1399 4072; x_wconf 90' lang='lat' dir='ltr'>uit,</span> 
     </span>
     <span class='ocr_line' id='line_1_42' title="bbox 293 4076 1397 4150; baseline 0.01 -25"><span class='ocrx_word' id='word_1_392' title='bbox 293 4091 342 4141; x_wconf 89' lang='lat' dir='ltr'>pro</span> <span class='ocrx_word' id='word_1_393' title='bbox 353 4076 384 4125; x_wconf 80' lang='lat' dir='ltr'>L.</span> <span class='ocrx_word' id='word_1_394' title='bbox 394 4079 505 4129; x_wconf 63' lang='lat' dir='ltr'>flacco:</span> <span class='ocrx_word' id='word_1_395' title='bbox 523 4082 531 4110; x_wconf 89' lang='lat'>‘</span> <span class='ocrx_word' id='word_1_396' title='bbox 543 4082 648 4133; x_wconf 84' lang='lat' dir='ltr'>Etenim</span> <span class='ocrx_word' id='word_1_397' title='bbox 659 4098 718 4133; x_wconf 89' lang='lat' dir='ltr'>cum</span> <span class='ocrx_word' id='word_1_398' title='bbox 728 4098 744 4134; x_wconf 89' lang='lat' dir='ltr'>a</span> <span class='ocrx_word' id='word_1_399' title='bbox 754 4083 903 4134; x_wconf 84' lang='lat' dir='ltr'>clarissimis</span> <span class='ocrx_word' id='word_1_400' title='bbox 915 4085 976 4135; x_wconf 83' lang='lat' dir='ltr'>viris</span> <span class='ocrx_word' id='word_1_401' title='bbox 989 4085 1144 4149; x_wconf 85' lang='lat' dir='ltr'>justissimas</span> <span class='ocrx_word' id='word_1_402' title='bbox 1161 4088 1308 4138; x_wconf 85' lang='lat' dir='ltr'>inimicitias</span> <span class='ocrx_word' id='word_1_403' title='bbox 1326 4101 1397 4150; x_wconf 80' lang='lat' dir='ltr'>saepe</span> 
     </span>
     <span class='ocr_line' id='line_1_43' title="bbox 292 4156 1401 4233; baseline 0.01 -28"><span class='ocrx_word' id='word_1_404' title='bbox 292 4169 353 4206; x_wconf 80' lang='lat' dir='ltr'>cnm</span> <span class='ocrx_word' id='word_1_405' title='bbox 363 4156 431 4208; x_wconf 86' lang='lat' dir='ltr'>bens</span> <span class='ocrx_word' id='word_1_406' title='bbox 442 4161 541 4213; x_wconf 86' lang='lat' dir='ltr'>meritis</span> <span class='ocrx_word' id='word_1_407' title='bbox 551 4163 652 4214; x_wconf 82' lang='lat' dir='ltr'>civibus</span> <span class='ocrx_word' id='word_1_408' title='bbox 663 4165 797 4229; x_wconf 88' lang='lat' dir='ltr'>depositas</span> <span class='ocrx_word' id='word_1_409' title='bbox 810 4179 866 4214; x_wconf 87' lang='lat' dir='ltr'>esse</span> <span class='ocrx_word' id='word_1_410' title='bbox 878 4165 1013 4216; x_wconf 84' lang='lat' dir='ltr'>vidissem:</span> <span class='ocrx_word' id='word_1_411' title='bbox 1031 4181 1082 4216; x_wconf 91' lang='lat' dir='ltr'>non</span> <span class='ocrx_word' id='word_1_412' title='bbox 1093 4181 1148 4218; x_wconf 85' lang='lat' dir='ltr'>suna</span> <span class='ocrx_word' id='word_1_413' title='bbox 1160 4166 1300 4219; x_wconf 86' lang='lat' dir='ltr'>arbitratus</span> <span class='ocrx_word' id='word_1_414' title='bbox 1311 4180 1401 4233; x_wconf 87' lang='lat' dir='ltr'>quem·</span> 
     </span>
     <span class='ocr_line' id='line_1_44' title="bbox 293 4238 1400 4312; baseline 0.011 -26"><span class='ocrx_word' id='word_1_415' title='bbox 293 4249 373 4301; x_wconf 80' lang='lat' dir='ltr'>qnam</span> <span class='ocrx_word' id='word_1_416' title='bbox 390 4238 499 4290; x_wconf 80' lang='lat' dir='ltr'>amicam</span> <span class='ocrx_word' id='word_1_417' title='bbox 515 4241 607 4305; x_wconf 78' lang='lat' dir='ltr'>patrita</span> <span class='ocrx_word' id='word_1_418' title='bbox 618 4257 699 4294; x_wconf 80' lang='lat' dir='ltr'>noras</span> <span class='ocrx_word' id='word_1_419' title='bbox 710 4245 770 4295; x_wconf 77' lang='lat' dir='ltr'>hnic</span> <span class='ocrx_word' id='word_1_420' title='bbox 787 4244 937 4294; x_wconf 86' lang='lat' dir='ltr'>inimicitias</span> <span class='ocrx_word' id='word_1_421' title='bbox 955 4246 1028 4296; x_wconf 87' lang='lat' dir='ltr'>nulla</span> <span class='ocrx_word' id='word_1_422' title='bbox 1039 4253 1149 4312; x_wconf 85' lang='lat' dir='ltr'>accepta</span> <span class='ocrx_word' id='word_1_423' title='bbox 1158 4245 1400 4311; x_wconf 88' lang='lat' dir='ltr'>lnjuriadennutia·</span> 
     </span>
    </p>
   </div>
   <div class='ocr_carea' id='block_1_9' title="bbox 0 0 1604 4917">
    <p class='ocr_par' dir='ltr' id='par_1_9' title="bbox 0 0 1604 4917">
     <span class='ocr_line' id='line_1_45' title="bbox 0 0 1604 4917; baseline 0 0"><span class='ocrx_word' id='word_1_424' title='bbox 0 0 1604 4917; x_wconf 95' lang='lat' dir='ltr'> </span> 
     </span>
    </p>
   </div>
  </div>
 </body>
</html>
