<?xml version="1.0" encoding="UTF-8"?>
<!DOCTYPE html PUBLIC "-//W3C//DTD XHTML 1.0 Transitional//EN"
    "http://www.w3.org/TR/xhtml1/DTD/xhtml1-transitional.dtd">
<html xmlns="http://www.w3.org/1999/xhtml" xml:lang="en" lang="en">
 <head>
  <title>
</title>
<meta http-equiv="Content-Type" content="text/html;charset=utf-8" />
  <meta name='ocr-system' content='tesseract 3.04.00' />
  <meta name='ocr-capabilities' content='ocr_page ocr_carea ocr_par ocr_line ocrx_word'/>
</head>
<body>
  <div class='ocr_page' id='page_1' title='image "./operaomnia04tacigoog/operaomnia04tacigoog_0130.png"; bbox 0 0 3200 4917; ppageno 0'>
   <div class='ocr_carea' id='block_1_1' title="bbox 280 415 1026 484">
    <p class='ocr_par' dir='ltr' id='par_1_1' title="bbox 280 415 1026 484">
     <span class='ocr_line' id='line_1_1' title="bbox 280 415 1026 484; baseline -0.003 -2"><span class='ocrx_word' id='word_1_1' title='bbox 280 415 369 482; x_wconf 68' lang='lat' dir='ltr'>lbtrz</span> <span class='ocrx_word' id='word_1_2' title='bbox 609 431 665 484; x_wconf 71' lang='lat' dir='ltr'>‚u</span> <span class='ocrx_word' id='word_1_3' title='bbox 690 427 804 479; x_wconf 78' lang='lat' dir='ltr'>ntuetr</span> <span class='ocrx_word' id='word_1_4' title='bbox 831 429 1026 480; x_wconf 75' lang='lat' dir='ltr'>excursus</span> 
     </span>
    </p>
   </div>
   <div class='ocr_carea' id='block_1_2' title="bbox 276 570 1381 1196">
    <p class='ocr_par' dir='ltr' id='par_1_2' title="bbox 276 570 1381 1196">
     <span class='ocr_line' id='line_1_2' title="bbox 280 570 1379 636; baseline 0.002 -17"><span class='ocrx_word' id='word_1_5' title='bbox 280 573 395 636; x_wconf 62' lang='lat' dir='ltr'>ruppe-fe.</span> <span class='ocrx_word' id='word_1_6' title='bbox 427 571 463 620; x_wconf 86' lang='lat' dir='ltr'>Et</span> <span class='ocrx_word' id='word_1_7' title='bbox 478 571 566 620; x_wconf 88' lang='lat' dir='ltr'>hercle</span> <span class='ocrx_word' id='word_1_8' title='bbox 582 571 620 620; x_wconf 88' lang='lat' dir='ltr'>nti</span> <span class='ocrx_word' id='word_1_9' title='bbox 639 571 746 620; x_wconf 84' lang='lat' dir='ltr'>aliarum</span> <span class='ocrx_word' id='word_1_10' title='bbox 757 585 844 620; x_wconf 89' lang='lat' dir='ltr'>rerum</span> <span class='ocrx_word' id='word_1_11' title='bbox 863 572 999 620; x_wconf 73' lang='lat' dir='ltr'>venalium</span> <span class='ocrx_word' id='word_1_12' title='bbox 1012 571 1158 622; x_wconf 84' lang='lat' dir='ltr'>Centesima</span> <span class='ocrx_word' id='word_1_13' title='bbox 1168 570 1233 622; x_wconf 83' lang='lat' dir='ltr'>t&#39;uit:</span> <span class='ocrx_word' id='word_1_14' title='bbox 1251 573 1288 621; x_wconf 83' lang='lat' dir='ltr'>sle</span> <span class='ocrx_word' id='word_1_15' title='bbox 1298 573 1379 626; x_wconf 81' lang='lat' dir='ltr'>Quiu-</span> 
     </span>
     <span class='ocr_line' id='line_1_3' title="bbox 281 651 1381 720; baseline -0.003 -17"><span class='ocrx_word' id='word_1_16' title='bbox 281 653 431 720; x_wconf 85' lang='lat' dir='ltr'>qnageslma</span> <span class='ocrx_word' id='word_1_17' title='bbox 442 651 645 714; x_wconf 69' lang='lat' dir='ltr'><strong>mancipiorum</strong></span> <span class='ocrx_word' id='word_1_18' title='bbox 661 651 791 714; x_wconf 84' lang='lat' dir='ltr'>ausimqne</span> <span class='ocrx_word' id='word_1_19' title='bbox 804 651 830 698; x_wconf 93' lang='lat' dir='ltr'>iu</span> <span class='ocrx_word' id='word_1_20' title='bbox 838 651 929 700; x_wconf 78' lang='lat' dir='ltr'>Tacito</span> <span class='ocrx_word' id='word_1_21' title='bbox 941 665 1077 714; x_wconf 76' lang='lat' dir='ltr'>reponere,</span> <span class='ocrx_word' id='word_1_22' title='bbox 1087 653 1293 715; x_wconf 69' lang='lat' dir='ltr'>quinqumeisrae.</span> <span class='ocrx_word' id='word_1_23' title='bbox 1320 651 1381 701; x_wconf 77' lang='lat' dir='ltr'>Atta</span> 
     </span>
     <span class='ocr_line' id='line_1_4' title="bbox 281 730 1380 799; baseline -0.002 -17"><span class='ocrx_word' id='word_1_24' title='bbox 281 731 494 799; x_wconf 82' lang='lat' dir='ltr'>quinquagesima</span> <span class='ocrx_word' id='word_1_25' title='bbox 511 736 561 791; x_wconf 87' lang='lat' dir='ltr'>est,</span> <span class='ocrx_word' id='word_1_26' title='bbox 577 730 611 779; x_wconf 88' lang='lat' dir='ltr'>de</span> <span class='ocrx_word' id='word_1_27' title='bbox 623 746 674 794; x_wconf 89' lang='lat' dir='ltr'>qua</span> <span class='ocrx_word' id='word_1_28' title='bbox 690 732 717 779; x_wconf 88' lang='lat' dir='ltr'>in</span> <span class='ocrx_word' id='word_1_29' title='bbox 735 730 899 793; x_wconf 80' lang='lat' dir='ltr'>Symmacho,</span> <span class='ocrx_word' id='word_1_30' title='bbox 914 737 942 780; x_wconf 85' lang='lat' dir='ltr'>et</span> <span class='ocrx_word' id='word_1_31' title='bbox 953 730 1030 791; x_wconf 83' lang='lat' dir='ltr'>iufra,</span> <span class='ocrx_word' id='word_1_32' title='bbox 1042 733 1089 780; x_wconf 90' lang='lat' dir='ltr'>boc</span> <span class='ocrx_word' id='word_1_33' title='bbox 1101 732 1156 794; x_wconf 86' lang='lat' dir='ltr'>ipso</span> <span class='ocrx_word' id='word_1_34' title='bbox 1174 731 1248 780; x_wconf 90' lang='lat' dir='ltr'>libro.</span> <span class='ocrx_word' id='word_1_35' title='bbox 1282 731 1341 780; x_wconf 79' lang='lat' dir='ltr'>Fuit</span> <span class='ocrx_word' id='word_1_36' title='bbox 1352 739 1380 780; x_wconf 90' lang='lat' dir='ltr'>et</span> 
     </span>
     <span class='ocr_line' id='line_1_5' title="bbox 279 809 1380 879; baseline -0.001 -18"><span class='ocrx_word' id='word_1_37' title='bbox 279 813 407 879; x_wconf 74' lang='lat' dir='ltr'>Vicesima</span> <span class='ocrx_word' id='word_1_38' title='bbox 416 811 608 871; x_wconf 82' lang='lat' dir='ltr'>hereditatium,</span> <span class='ocrx_word' id='word_1_39' title='bbox 618 811 737 861; x_wconf 90' lang='lat' dir='ltr'>instituta</span> <span class='ocrx_word' id='word_1_40' title='bbox 753 811 786 859; x_wconf 86' lang='lat' dir='ltr'>ab</span> <span class='ocrx_word' id='word_1_41' title='bbox 804 809 921 874; x_wconf 80' lang='lat' dir='ltr'>Augusto</span> <span class='ocrx_word' id='word_1_42' title='bbox 943 812 975 860; x_wconf 82' lang='lat' dir='ltr'>acl</span> <span class='ocrx_word' id='word_1_43' title='bbox 994 812 1112 859; x_wconf 83' lang='lat' dir='ltr'>aernrium</span> <span class='ocrx_word' id='word_1_44' title='bbox 1133 812 1257 859; x_wconf 86' lang='lat' dir='ltr'>militare:</span> <span class='ocrx_word' id='word_1_45' title='bbox 1275 811 1309 860; x_wconf 92' lang='lat' dir='ltr'>de</span> <span class='ocrx_word' id='word_1_46' title='bbox 1329 827 1380 874; x_wconf 86' lang='lat' dir='ltr'>qua</span> 
     </span>
     <span class='ocr_line' id='line_1_6' title="bbox 279 889 1380 953; baseline -0.004 -10"><span class='ocrx_word' id='word_1_47' title='bbox 279 894 333 944; x_wconf 83' lang='lat' dir='ltr'>Dio</span> <span class='ocrx_word' id='word_1_48' title='bbox 344 894 361 943; x_wconf 92' lang='lat' dir='ltr'>l.</span> <span class='ocrx_word' id='word_1_49' title='bbox 373 906 416 942; x_wconf 74' lang='lat' dir='ltr'>nv.</span> <span class='ocrx_word' id='word_1_50' title='bbox 428 892 493 941; x_wconf 85' lang='lat' dir='ltr'>aclis</span> <span class='ocrx_word' id='word_1_51' title='bbox 505 892 564 940; x_wconf 85' lang='lat' dir='ltr'>euni</span> <span class='ocrx_word' id='word_1_52' title='bbox 576 905 682 940; x_wconf 82' lang='lat' dir='ltr'>nccux.</span> <span class='ocrx_word' id='word_1_53' title='bbox 699 891 747 948; x_wconf 67' lang='grc' dir='ltr'>Τὴν</span> <span class='ocrx_word' id='word_1_54' title='bbox 757 889 867 948; x_wconf 65' lang='grc' dir='ltr'>εἰκοστὴν</span> <span class='ocrx_word' id='word_1_55' title='bbox 876 892 924 938; x_wconf 73' lang='grc' dir='ltr'>τῶν</span> <span class='ocrx_word' id='word_1_56' title='bbox 934 907 962 938; x_wconf 86' lang='lat' dir='ltr'>re</span> <span class='ocrx_word' id='word_1_57' title='bbox 970 889 1062 952; x_wconf 77' lang='grc' dir='ltr'><strong><em>κλήρων</em></strong></span> <span class='ocrx_word' id='word_1_58' title='bbox 1073 889 1110 939; x_wconf 80' lang='lat' dir='ltr'>eni</span> <span class='ocrx_word' id='word_1_59' title='bbox 1120 893 1168 938; x_wconf 73' lang='lat' dir='ltr'>ruis</span> <span class='ocrx_word' id='word_1_60' title='bbox 1183 893 1272 953; x_wconf 73' lang='grc' dir='ltr'><strong><em>δωρεῶν</em></strong></span> <span class='ocrx_word' id='word_1_61' title='bbox 1282 889 1309 939; x_wconf 73' lang='lat' dir='ltr'>dr</span> <span class='ocrx_word' id='word_1_62' title='bbox 1318 890 1348 939; x_wconf 71' lang='lat' dir='ltr'>br</span> <span class='ocrx_word' id='word_1_63' title='bbox 1357 891 1380 940; x_wconf 85' lang='lat' dir='ltr'>ol</span> 
     </span>
     <span class='ocr_line' id='line_1_7' title="bbox 277 969 1380 1034; baseline -0.003 -12"><span class='ocrx_word' id='word_1_64' title='bbox 277 971 435 1022; x_wconf 67' lang='lat' dir='ltr'>rebeoreirrdr</span> <span class='ocrx_word' id='word_1_65' title='bbox 444 990 502 1034; x_wconf 75' lang='grc' dir='ltr'>τισι,</span> <span class='ocrx_word' id='word_1_66' title='bbox 517 973 581 1029; x_wconf 75' lang='grc' dir='ltr'>πλὴν</span> <span class='ocrx_word' id='word_1_67' title='bbox 594 975 641 1019; x_wconf 73' lang='grc' dir='ltr'>τᾶν</span> <span class='ocrx_word' id='word_1_68' title='bbox 658 969 729 1018; x_wconf 64' lang='lat' dir='ltr'>erden</span> <span class='ocrx_word' id='word_1_69' title='bbox 738 973 861 1031; x_wconf 70' lang='lat' dir='ltr'>narnensis</span> <span class='ocrx_word' id='word_1_70' title='bbox 875 970 891 1028; x_wconf 72' lang='grc' dir='ltr'><strong>ἡ</strong></span> <span class='ocrx_word' id='word_1_71' title='bbox 906 970 945 1018; x_wconf 81' lang='lat' dir='ltr'>eni</span> <span class='ocrx_word' id='word_1_72' title='bbox 955 970 1068 1031; x_wconf 67' lang='grc' dir='ltr'>πενήτων,</span> <span class='ocrx_word' id='word_1_73' title='bbox 1078 971 1254 1032; x_wconf 69' lang='grc' dir='ltr'>καταλείπουσι,</span> <span class='ocrx_word' id='word_1_74' title='bbox 1264 971 1380 1029; x_wconf 62' lang='lat' dir='ltr'>marit-</span> 
     </span>
     <span class='ocr_line' id='line_1_8' title="bbox 277 1051 1379 1116; baseline -0.003 -12"><span class='ocrx_word' id='word_1_75' title='bbox 277 1071 346 1104; x_wconf 67' lang='grc' dir='ltr'>οπο.</span> <span class='ocrx_word' id='word_1_76' title='bbox 378 1053 547 1116; x_wconf 76' lang='lat' dir='ltr'>Temperavit</span> <span class='ocrx_word' id='word_1_77' title='bbox 558 1067 614 1100; x_wconf 87' lang='lat' dir='ltr'>eam</span> <span class='ocrx_word' id='word_1_78' title='bbox 627 1053 724 1112; x_wconf 83' lang='lat' dir='ltr'>Nerva,</span> <span class='ocrx_word' id='word_1_79' title='bbox 736 1060 765 1101; x_wconf 90' lang='lat' dir='ltr'>et</span> <span class='ocrx_word' id='word_1_80' title='bbox 776 1053 856 1114; x_wconf 85' lang='lat' dir='ltr'>magis</span> <span class='ocrx_word' id='word_1_81' title='bbox 867 1051 1008 1114; x_wconf 83' lang='lat' dir='ltr'>Trajauus:</span> <span class='ocrx_word' id='word_1_82' title='bbox 1027 1052 1060 1099; x_wconf 89' lang='lat' dir='ltr'>de</span> <span class='ocrx_word' id='word_1_83' title='bbox 1079 1052 1171 1114; x_wconf 80' lang='lat' dir='ltr'>quibus</span> <span class='ocrx_word' id='word_1_84' title='bbox 1188 1053 1267 1100; x_wconf 87' lang='lat' dir='ltr'>multa</span> <span class='ocrx_word' id='word_1_85' title='bbox 1279 1052 1379 1101; x_wconf 78' lang='lat' dir='ltr'><strong>Plinius</strong></span> 
     </span>
     <span class='ocr_line' id='line_1_9' title="bbox 276 1131 1379 1196; baseline -0.002 -12"><span class='ocrx_word' id='word_1_86' title='bbox 276 1135 303 1185; x_wconf 86' lang='lat' dir='ltr'>itt</span> <span class='ocrx_word' id='word_1_87' title='bbox 317 1134 494 1183; x_wconf 76' lang='lat' dir='ltr'>Laudatioue:</span> <span class='ocrx_word' id='word_1_88' title='bbox 513 1134 555 1196; x_wconf 88' lang='lat' dir='ltr'>qui</span> <span class='ocrx_word' id='word_1_89' title='bbox 567 1131 670 1180; x_wconf 90' lang='lat' dir='ltr'>omniuo</span> <span class='ocrx_word' id='word_1_90' title='bbox 681 1131 816 1190; x_wconf 83' lang='lat' dir='ltr'>videndus,</span> <span class='ocrx_word' id='word_1_91' title='bbox 829 1131 848 1178; x_wconf 85' lang='lat' dir='ltr'>si</span> <span class='ocrx_word' id='word_1_92' title='bbox 858 1131 908 1181; x_wconf 80' lang='lat' dir='ltr'>rim</span> <span class='ocrx_word' id='word_1_93' title='bbox 923 1131 1077 1192; x_wconf 76' lang='lat' dir='ltr'>intellegere</span> <span class='ocrx_word' id='word_1_94' title='bbox 1088 1145 1149 1179; x_wconf 85' lang='lat' dir='ltr'>aves</span> <span class='ocrx_word' id='word_1_95' title='bbox 1161 1131 1216 1194; x_wconf 86' lang='lat' dir='ltr'>cjus</span> <span class='ocrx_word' id='word_1_96' title='bbox 1229 1133 1379 1195; x_wconf 82' lang='lat' dir='ltr'>vectigalis:</span> 
     </span>
    </p>
   </div>
   <div class='ocr_carea' id='block_1_3' title="bbox 192 1207 1379 1279">
    <p class='ocr_par' dir='ltr' id='par_1_3' title="bbox 192 1207 1379 1279">
     <span class='ocr_line' id='line_1_10' title="bbox 192 1207 1379 1279; baseline -0.001 -15"><span class='ocrx_word' id='word_1_97' title='bbox 192 1209 196 1217; x_wconf 87' lang='grc'><strong><em>’</em></strong></span> <span class='ocrx_word' id='word_1_98' title='bbox 277 1221 387 1279; x_wconf 83' lang='lat' dir='ltr'>postque</span> <span class='ocrx_word' id='word_1_99' title='bbox 410 1213 466 1261; x_wconf 89' lang='lat' dir='ltr'>illos</span> <span class='ocrx_word' id='word_1_100' title='bbox 488 1207 633 1260; x_wconf 79' lang='lat' dir='ltr'>Antoninus</span> <span class='ocrx_word' id='word_1_101' title='bbox 652 1210 831 1274; x_wconf 71' lang='lat' dir='ltr'>Philosophus,</span> <span class='ocrx_word' id='word_1_102' title='bbox 853 1210 886 1258; x_wconf 89' lang='lat' dir='ltr'>de</span> <span class='ocrx_word' id='word_1_103' title='bbox 909 1224 960 1273; x_wconf 90' lang='lat' dir='ltr'>quo</span> <span class='ocrx_word' id='word_1_104' title='bbox 981 1211 1158 1272; x_wconf 85' lang='lat' dir='ltr'>Capitolinus:</span> <span class='ocrx_word' id='word_1_105' title='bbox 1175 1212 1278 1273; x_wconf 84' lang='lat' dir='ltr'>‘Leges</span> <span class='ocrx_word' id='word_1_106' title='bbox 1299 1213 1379 1263; x_wconf 83' lang='lat' dir='ltr'>etiam</span> 
     </span>
    </p>
   </div>
   <div class='ocr_carea' id='block_1_4' title="bbox 276 1289 1377 1836">
    <p class='ocr_par' dir='ltr' id='par_1_4' title="bbox 276 1289 1377 1836">
     <span class='ocr_line' id='line_1_11' title="bbox 277 1289 1377 1357; baseline -0.001 -15"><span class='ocrx_word' id='word_1_107' title='bbox 277 1293 383 1342; x_wconf 81' lang='lat' dir='ltr'>addidit</span> <span class='ocrx_word' id='word_1_108' title='bbox 398 1294 464 1357; x_wconf 82' lang='lat' dir='ltr'>[sive</span> <span class='ocrx_word' id='word_1_109' title='bbox 483 1290 568 1353; x_wconf 83' lang='lat' dir='ltr'>edidit]</span> <span class='ocrx_word' id='word_1_110' title='bbox 588 1290 621 1338; x_wconf 84' lang='lat' dir='ltr'>de</span> <span class='ocrx_word' id='word_1_111' title='bbox 636 1290 757 1338; x_wconf 83' lang='lat' dir='ltr'>vicesima</span> <span class='ocrx_word' id='word_1_112' title='bbox 775 1289 964 1339; x_wconf 87' lang='lat' dir='ltr'>hereditatum:</span> <span class='ocrx_word' id='word_1_113' title='bbox 983 1291 1015 1338; x_wconf 87' lang='lat' dir='ltr'>de</span> <span class='ocrx_word' id='word_1_114' title='bbox 1027 1291 1132 1340; x_wconf 87' lang='lat' dir='ltr'>tutelis.’</span> <span class='ocrx_word' id='word_1_115' title='bbox 1163 1291 1295 1340; x_wconf 84' lang='lat' dir='ltr'>Videndns</span> <span class='ocrx_word' id='word_1_116' title='bbox 1314 1292 1377 1342; x_wconf 89' lang='lat' dir='ltr'>item</span> 
     </span>
     <span class='ocr_line' id='line_1_12' title="bbox 279 1369 1377 1422; baseline -0.001 0"><span class='ocrx_word' id='word_1_117' title='bbox 279 1371 600 1422; x_wconf 70' lang='lat' dir='ltr'>Paullusl.1u.Sent.tit.</span> <span class='ocrx_word' id='word_1_118' title='bbox 613 1383 651 1418; x_wconf 86' lang='lat' dir='ltr'>vt.</span> <span class='ocrx_word' id='word_1_119' title='bbox 662 1369 707 1418; x_wconf 89' lang='lat' dir='ltr'>lib.</span> <span class='ocrx_word' id='word_1_120' title='bbox 720 1370 766 1418; x_wconf 79' lang='lat' dir='ltr'>ult</span> <span class='ocrx_word' id='word_1_121' title='bbox 784 1369 815 1419; x_wconf 87' lang='lat' dir='ltr'>C.</span> <span class='ocrx_word' id='word_1_122' title='bbox 833 1370 865 1418; x_wconf 90' lang='lat' dir='ltr'>de</span> <span class='ocrx_word' id='word_1_123' title='bbox 878 1369 965 1419; x_wconf 91' lang='lat' dir='ltr'>edicto</span> <span class='ocrx_word' id='word_1_124' title='bbox 977 1372 1013 1420; x_wconf 88' lang='lat' dir='ltr'>D.</span> <span class='ocrx_word' id='word_1_125' title='bbox 1030 1369 1156 1419; x_wconf 78' lang='lat' dir='ltr'>Hadrian.</span> <span class='ocrx_word' id='word_1_126' title='bbox 1168 1372 1223 1420; x_wconf 91' lang='lat' dir='ltr'>toll.</span> <span class='ocrx_word' id='word_1_127' title='bbox 1246 1373 1289 1420; x_wconf 89' lang='lat' dir='ltr'>De</span> <span class='ocrx_word' id='word_1_128' title='bbox 1302 1373 1377 1421; x_wconf 87' lang='lat' dir='ltr'>Vice-</span> 
     </span>
     <span class='ocr_line' id='line_1_13' title="bbox 278 1449 1376 1516; baseline 0 -15"><span class='ocrx_word' id='word_1_129' title='bbox 278 1455 350 1502; x_wconf 71' lang='lat' dir='ltr'>simus</span> <span class='ocrx_word' id='word_1_130' title='bbox 360 1451 459 1516; x_wconf 86' lang='lat' dir='ltr'>legibus</span> <span class='ocrx_word' id='word_1_131' title='bbox 470 1451 568 1513; x_wconf 87' lang='lat' dir='ltr'>primus</span> <span class='ocrx_word' id='word_1_132' title='bbox 579 1449 683 1513; x_wconf 83' lang='lat' dir='ltr'>scripsit</span> <span class='ocrx_word' id='word_1_133' title='bbox 694 1450 729 1501; x_wconf 77' lang='grc' dir='ltr'>Α.</span> <span class='ocrx_word' id='word_1_134' title='bbox 739 1450 840 1508; x_wconf 85' lang='lat' dir='ltr'>Ofilius,</span> <span class='ocrx_word' id='word_1_135' title='bbox 848 1457 876 1499; x_wconf 89' lang='lat' dir='ltr'>et</span> <span class='ocrx_word' id='word_1_136' title='bbox 888 1459 948 1513; x_wconf 87' lang='lat' dir='ltr'>post</span> <span class='ocrx_word' id='word_1_137' title='bbox 959 1463 1017 1499; x_wconf 86' lang='lat' dir='ltr'>eum</span> <span class='ocrx_word' id='word_1_138' title='bbox 1030 1452 1120 1500; x_wconf 86' lang='lat' dir='ltr'>Macer</span> <span class='ocrx_word' id='word_1_139' title='bbox 1131 1451 1276 1501; x_wconf 86' lang='lat' dir='ltr'>libroaduo.</span> <span class='ocrx_word' id='word_1_140' title='bbox 1301 1453 1376 1501; x_wconf 84' lang='lat' dir='ltr'>luve-</span> 
     </span>
     <span class='ocr_line' id='line_1_14' title="bbox 276 1529 1376 1593; baseline 0.001 -12"><span class='ocrx_word' id='word_1_141' title='bbox 276 1533 359 1581; x_wconf 83' lang='lat' dir='ltr'>uiuet</span> <span class='ocrx_word' id='word_1_142' title='bbox 376 1532 402 1578; x_wconf 85' lang='lat' dir='ltr'>in</span> <span class='ocrx_word' id='word_1_143' title='bbox 415 1529 553 1593; x_wconf 87' lang='lat' dir='ltr'>lapidibus,</span> <span class='ocrx_word' id='word_1_144' title='bbox 573 1529 754 1580; x_wconf 75' lang='lat' dir='ltr'>rnocvnuron</span> <span class='ocrx_word' id='word_1_145' title='bbox 773 1541 821 1578; x_wconf 85' lang='lat' dir='ltr'>xx.</span> <span class='ocrx_word' id='word_1_146' title='bbox 843 1543 1067 1580; x_wconf 76' lang='lat' dir='ltr'>uenamru&#39;rrvsr.</span> <span class='ocrx_word' id='word_1_147' title='bbox 1085 1532 1376 1593; x_wconf 66' lang='lat' dir='ltr'>numerumnunerum</span> 
     </span>
     <span class='ocr_line' id='line_1_15' title="bbox 278 1611 1376 1676; baseline 0.002 -16"><span class='ocrx_word' id='word_1_148' title='bbox 278 1624 325 1661; x_wconf 79' lang='lat' dir='ltr'>xx.</span> <span class='ocrx_word' id='word_1_149' title='bbox 336 1623 551 1660; x_wconf 79' lang='lat' dir='ltr'>tranamrurvss.</span> <span class='ocrx_word' id='word_1_150' title='bbox 569 1612 614 1674; x_wconf 87' lang='lat' dir='ltr'>qui</span> <span class='ocrx_word' id='word_1_151' title='bbox 632 1616 774 1675; x_wconf 88' lang='lat' dir='ltr'>postremus</span> <span class='ocrx_word' id='word_1_152' title='bbox 794 1612 884 1660; x_wconf 87' lang='lat' dir='ltr'>titulus</span> <span class='ocrx_word' id='word_1_153' title='bbox 904 1611 936 1660; x_wconf 88' lang='lat' dir='ltr'>ab</span> <span class='ocrx_word' id='word_1_154' title='bbox 957 1625 998 1672; x_wconf 90' lang='lat' dir='ltr'>eu,</span> <span class='ocrx_word' id='word_1_155' title='bbox 1015 1612 1148 1674; x_wconf 83' lang='lat' dir='ltr'>quod,·uti</span> <span class='ocrx_word' id='word_1_156' title='bbox 1165 1613 1277 1661; x_wconf 89' lang='lat' dir='ltr'>ePliuio</span> <span class='ocrx_word' id='word_1_157' title='bbox 1288 1613 1376 1676; x_wconf 84' lang='lat' dir='ltr'>discis,</span> 
     </span>
     <span class='ocr_line' id='line_1_16' title="bbox 276 1691 1375 1757; baseline 0.005 -18"><span class='ocrx_word' id='word_1_158' title='bbox 276 1691 408 1755; x_wconf 89' lang='lat' dir='ltr'>publicani</span> <span class='ocrx_word' id='word_1_159' title='bbox 418 1691 573 1754; x_wconf 74' lang='lat' dir='ltr'>colligebant</span> <span class='ocrx_word' id='word_1_160' title='bbox 583 1692 632 1740; x_wconf 88' lang='lat' dir='ltr'>boc</span> <span class='ocrx_word' id='word_1_161' title='bbox 644 1691 771 1750; x_wconf 78' lang='lat' dir='ltr'>vectigal:</span> <span class='ocrx_word' id='word_1_162' title='bbox 790 1705 898 1754; x_wconf 88' lang='lat' dir='ltr'>qnorum</span> <span class='ocrx_word' id='word_1_163' title='bbox 910 1691 1040 1754; x_wconf 76' lang='lat' dir='ltr'>Magistri,</span> <span class='ocrx_word' id='word_1_164' title='bbox 1048 1699 1076 1740; x_wconf 89' lang='lat' dir='ltr'>et</span> <span class='ocrx_word' id='word_1_165' title='bbox 1088 1692 1264 1757; x_wconf 86' lang='lat' dir='ltr'>Promngistri.</span> <span class='ocrx_word' id='word_1_166' title='bbox 1288 1695 1356 1744; x_wconf 87' lang='lat' dir='ltr'>Satis</span> <span class='ocrx_word' id='word_1_167' title='bbox 1368 1711 1375 1743; x_wconf 75' lang='lat' dir='ltr'>r</span> 
     </span>
     <span class='ocr_line' id='line_1_17' title="bbox 276 1770 1179 1836; baseline 0.003 -16"><span class='ocrx_word' id='word_1_168' title='bbox 276 1785 324 1820; x_wconf 87' lang='lat' dir='ltr'>neo</span> <span class='ocrx_word' id='word_1_169' title='bbox 336 1773 404 1820; x_wconf 88' lang='lat' dir='ltr'>enim</span> <span class='ocrx_word' id='word_1_170' title='bbox 415 1771 658 1823; x_wconf 73' lang='lat' dir='ltr'>iurisconsultorum</span> <span class='ocrx_word' id='word_1_171' title='bbox 669 1770 769 1835; x_wconf 79' lang='lat' dir='ltr'>frugem</span> <span class='ocrx_word' id='word_1_172' title='bbox 780 1771 913 1821; x_wconf 85' lang='lat' dir='ltr'>demetere</span> <span class='ocrx_word' id='word_1_173' title='bbox 926 1772 1085 1836; x_wconf 88' lang='lat' dir='ltr'>propositam</span> <span class='ocrx_word' id='word_1_174' title='bbox 1098 1773 1179 1823; x_wconf 89' lang='lat' dir='ltr'>nobis.</span> 
     </span>
    </p>
   </div>
   <div class='ocr_carea' id='block_1_5' title="bbox 374 2445 1277 2525">
    <p class='ocr_par' dir='ltr' id='par_1_5' title="bbox 374 2445 1277 2525">
     <span class='ocr_line' id='line_1_18' title="bbox 374 2445 1277 2525; baseline -0.002 -1"><span class='ocrx_word' id='word_1_175' title='bbox 374 2447 655 2525; x_wconf 84' lang='lat' dir='ltr'>EXCURSUS</span> <span class='ocrx_word' id='word_1_176' title='bbox 684 2449 762 2523; x_wconf 87' lang='grc' dir='ltr'>ΑΙ)</span> <span class='ocrx_word' id='word_1_177' title='bbox 790 2447 993 2525; x_wconf 81' lang='lat' dir='ltr'><strong>ANNAL.</strong></span> <span class='ocrx_word' id='word_1_178' title='bbox 1024 2449 1132 2524; x_wconf 76' lang='grc' dir='ltr'>ΠΒ.</span> <span class='ocrx_word' id='word_1_179' title='bbox 1164 2445 1277 2523; x_wconf 80' lang='lat' dir='ltr'>X1V.</span> 
     </span>
    </p>
   </div>
   <div class='ocr_carea' id='block_1_6' title="bbox 806 2683 838 2734">
    <p class='ocr_par' dir='ltr' id='par_1_6' title="bbox 806 2683 838 2734">
     <span class='ocr_line' id='line_1_19' title="bbox 806 2683 838 2734; baseline 0.063 -2"><span class='ocrx_word' id='word_1_180' title='bbox 806 2683 838 2734; x_wconf 82' lang='grc' dir='ltr'>Α.</span> 
     </span>
    </p>
   </div>
   <div class='ocr_carea' id='block_1_7' title="bbox 266 2825 1372 3773">
    <p class='ocr_par' dir='ltr' id='par_1_7' title="bbox 266 2825 1372 3773">
     <span class='ocr_line' id='line_1_20' title="bbox 304 2825 1370 2894; baseline -0.001 -19"><span class='ocrx_word' id='word_1_181' title='bbox 304 2827 405 2876; x_wconf 66' lang='grc' dir='ltr'><strong>(ΒΑΜ.</strong></span> <span class='ocrx_word' id='word_1_182' title='bbox 427 2827 541 2879; x_wconf 82' lang='lat' dir='ltr'>Taureos</span> <span class='ocrx_word' id='word_1_183' title='bbox 558 2831 626 2879; x_wconf 87' lang='lat' dir='ltr'>enim</span> <span class='ocrx_word' id='word_1_184' title='bbox 648 2837 679 2880; x_wconf 87' lang='lat' dir='ltr'>ut</span> <span class='ocrx_word' id='word_1_185' title='bbox 696 2830 772 2879; x_wconf 89' lang='lat' dir='ltr'>tarde</span> <span class='ocrx_word' id='word_1_186' title='bbox 789 2829 926 2894; x_wconf 84' lang='lat' dir='ltr'>aliquando</span> <span class='ocrx_word' id='word_1_187' title='bbox 944 2827 1068 2892; x_wconf 83' lang='lat' dir='ltr'>juventus</span> <span class='ocrx_word' id='word_1_188' title='bbox 1088 2832 1177 2876; x_wconf 88' lang='lat' dir='ltr'>nostra</span> <span class='ocrx_word' id='word_1_189' title='bbox 1197 2825 1289 2888; x_wconf 87' lang='lat' dir='ltr'>discat,</span> <span class='ocrx_word' id='word_1_190' title='bbox 1308 2825 1370 2890; x_wconf 84' lang='lat' dir='ltr'>quid</span> 
     </span>
     <span class='ocr_line' id='line_1_21' title="bbox 272 2905 1372 2973; baseline -0.002 -18"><span class='ocrx_word' id='word_1_191' title='bbox 272 2905 437 2969; x_wconf 74' lang='lat' dir='ltr'>tempestiva</span> <span class='ocrx_word' id='word_1_192' title='bbox 447 2909 573 2971; x_wconf 80' lang='lat' dir='ltr'>convivia,</span> <span class='ocrx_word' id='word_1_193' title='bbox 584 2909 646 2973; x_wconf 90' lang='lat' dir='ltr'>quid</span> <span class='ocrx_word' id='word_1_194' title='bbox 657 2910 857 2973; x_wconf 83' lang='lat' dir='ltr'>intempestiva.</span> <span class='ocrx_word' id='word_1_195' title='bbox 886 2909 987 2970; x_wconf 84' lang='lat' dir='ltr'>Discat,</span> <span class='ocrx_word' id='word_1_196' title='bbox 998 2915 1025 2956; x_wconf 90' lang='lat' dir='ltr'>et</span> <span class='ocrx_word' id='word_1_197' title='bbox 1037 2907 1153 2956; x_wconf 79' lang='lat' dir='ltr'>dediscat</span> <span class='ocrx_word' id='word_1_198' title='bbox 1164 2906 1208 2955; x_wconf 87' lang='lat' dir='ltr'>illa</span> <span class='ocrx_word' id='word_1_199' title='bbox 1219 2921 1277 2971; x_wconf 80' lang='lat' dir='ltr'>qua·</span> <span class='ocrx_word' id='word_1_200' title='bbox 1288 2919 1372 2970; x_wconf 89' lang='lat' dir='ltr'>nuper</span> 
     </span>
     <span class='ocr_line' id='line_1_22' title="bbox 272 2986 1371 3053; baseline 0 -18"><span class='ocrx_word' id='word_1_201' title='bbox 272 2987 491 3051; x_wconf 85' lang='lat' dir='ltr'>bausitemaguis</span> <span class='ocrx_word' id='word_1_202' title='bbox 503 2991 639 3052; x_wconf 84' lang='lat' dir='ltr'>magistris.</span> <span class='ocrx_word' id='word_1_203' title='bbox 672 2992 754 3040; x_wconf 80' lang='lat' dir='ltr'>Aiunt</span> <span class='ocrx_word' id='word_1_204' title='bbox 774 2990 918 3039; x_wconf 85' lang='lat' dir='ltr'>convivium</span> <span class='ocrx_word' id='word_1_205' title='bbox 936 2987 1131 3053; x_wconf 68' lang='lat' dir='ltr'>&#39;tempestiuum</span> <span class='ocrx_word' id='word_1_206' title='bbox 1151 3001 1213 3050; x_wconf 88' lang='lat' dir='ltr'>esse,</span> <span class='ocrx_word' id='word_1_207' title='bbox 1227 2986 1371 3051; x_wconf 84' lang='lat' dir='ltr'>quodteur·</span> 
     </span>
     <span class='ocr_line' id='line_1_23' title="bbox 271 3066 1371 3135; baseline -0.003 -18"><span class='ocrx_word' id='word_1_208' title='bbox 271 3081 336 3132; x_wconf 87' lang='lat' dir='ltr'>pore</span> <span class='ocrx_word' id='word_1_209' title='bbox 347 3069 512 3118; x_wconf 85' lang='lat' dir='ltr'>celebretur:</span> <span class='ocrx_word' id='word_1_210' title='bbox 530 3071 609 3120; x_wconf 86' lang='lat' dir='ltr'>verbo</span> <span class='ocrx_word' id='word_1_211' title='bbox 620 3085 698 3135; x_wconf 87' lang='lat' dir='ltr'>reque</span> <span class='ocrx_word' id='word_1_212' title='bbox 709 3071 861 3120; x_wconf 86' lang='lat' dir='ltr'>honestum:</span> <span class='ocrx_word' id='word_1_213' title='bbox 879 3085 928 3120; x_wconf 92' lang='lat' dir='ltr'>nec</span> <span class='ocrx_word' id='word_1_214' title='bbox 944 3071 971 3118; x_wconf 94' lang='lat' dir='ltr'>iu</span> <span class='ocrx_word' id='word_1_215' title='bbox 987 3069 1052 3117; x_wconf 81' lang='lat' dir='ltr'>vitio</span> <span class='ocrx_word' id='word_1_216' title='bbox 1070 3067 1130 3132; x_wconf 87' lang='lat' dir='ltr'>poni</span> <span class='ocrx_word' id='word_1_217' title='bbox 1144 3081 1272 3130; x_wconf 90' lang='lat' dir='ltr'>umquam,</span> <span class='ocrx_word' id='word_1_218' title='bbox 1283 3066 1332 3114; x_wconf 88' lang='lat' dir='ltr'>nisi</span> <span class='ocrx_word' id='word_1_219' title='bbox 1345 3066 1371 3115; x_wconf 92' lang='lat' dir='ltr'>in</span> 
     </span>
     <span class='ocr_line' id='line_1_24' title="bbox 269 3146 1371 3217; baseline -0.003 -21"><span class='ocrx_word' id='word_1_220' title='bbox 269 3149 341 3197; x_wconf 88' lang='lat' dir='ltr'>libris</span> <span class='ocrx_word' id='word_1_221' title='bbox 351 3147 459 3198; x_wconf 84' lang='lat' dir='ltr'>vitiatis.</span> <span class='ocrx_word' id='word_1_222' title='bbox 491 3152 561 3201; x_wconf 82' lang='lat' dir='ltr'>Ecce</span> <span class='ocrx_word' id='word_1_223' title='bbox 576 3153 619 3201; x_wconf 83' lang='lat' dir='ltr'>elii</span> <span class='ocrx_word' id='word_1_224' title='bbox 632 3152 675 3217; x_wconf 88' lang='lat' dir='ltr'>qui</span> <span class='ocrx_word' id='word_1_225' title='bbox 685 3152 878 3215; x_wconf 81' lang='lat' dir='ltr'>Tempestirnm</span> <span class='ocrx_word' id='word_1_226' title='bbox 890 3151 996 3200; x_wconf 90' lang='lat' dir='ltr'>nibilum</span> <span class='ocrx_word' id='word_1_227' title='bbox 1008 3148 1115 3199; x_wconf 83' lang='lat' dir='ltr'>differre</span> <span class='ocrx_word' id='word_1_228' title='bbox 1126 3149 1213 3198; x_wconf 84' lang='lat' dir='ltr'>dicant</span> <span class='ocrx_word' id='word_1_229' title='bbox 1229 3147 1262 3194; x_wconf 85' lang='lat' dir='ltr'>ab</span> <span class='ocrx_word' id='word_1_230' title='bbox 1274 3146 1371 3196; x_wconf 87' lang='lat' dir='ltr'>Intem-</span> 
     </span>
     <span class='ocr_line' id='line_1_25' title="bbox 268 3227 1371 3296; baseline -0.001 -20"><span class='ocrx_word' id='word_1_231' title='bbox 268 3227 387 3292; x_wconf 79' lang='lat' dir='ltr'>pestive:</span> <span class='ocrx_word' id='word_1_232' title='bbox 405 3238 432 3277; x_wconf 89' lang='lat' dir='ltr'>et</span> <span class='ocrx_word' id='word_1_233' title='bbox 440 3230 466 3277; x_wconf 92' lang='lat' dir='ltr'>in</span> <span class='ocrx_word' id='word_1_234' title='bbox 474 3233 549 3293; x_wconf 83' lang='lat' dir='ltr'>culpa</span> <span class='ocrx_word' id='word_1_235' title='bbox 561 3233 676 3282; x_wconf 83' lang='lat' dir='ltr'>habitum</span> <span class='ocrx_word' id='word_1_236' title='bbox 689 3241 836 3296; x_wconf 77' lang='lat' dir='ltr'>ultrumque.</span> <span class='ocrx_word' id='word_1_237' title='bbox 870 3231 990 3281; x_wconf 83' lang='lat' dir='ltr'>Tertiurn</span> <span class='ocrx_word' id='word_1_238' title='bbox 1002 3230 1064 3292; x_wconf 85' lang='lat' dir='ltr'>vidi,</span> <span class='ocrx_word' id='word_1_239' title='bbox 1073 3231 1117 3294; x_wconf 89' lang='lat' dir='ltr'>qui</span> <span class='ocrx_word' id='word_1_240' title='bbox 1129 3228 1246 3278; x_wconf 79' lang='lat' dir='ltr'>convivia</span> <span class='ocrx_word' id='word_1_241' title='bbox 1257 3235 1371 3289; x_wconf 86' lang='lat' dir='ltr'>tempes-</span> 
     </span>
     <span class='ocr_line' id='line_1_26' title="bbox 266 3305 1372 3376; baseline 0 -20"><span class='ocrx_word' id='word_1_242' title='bbox 266 3305 325 3356; x_wconf 76' lang='lat' dir='ltr'>dea</span> <span class='ocrx_word' id='word_1_243' title='bbox 335 3308 414 3357; x_wconf 83' lang='lat' dir='ltr'>vellet</span> <span class='ocrx_word' id='word_1_244' title='bbox 424 3322 488 3369; x_wconf 83' lang='lat' dir='ltr'>esse,</span> <span class='ocrx_word' id='word_1_245' title='bbox 502 3325 559 3373; x_wconf 82' lang='lat' dir='ltr'>qme</span> <span class='ocrx_word' id='word_1_246' title='bbox 571 3314 647 3360; x_wconf 85' lang='lat' dir='ltr'>statis</span> <span class='ocrx_word' id='word_1_247' title='bbox 665 3313 794 3375; x_wconf 83' lang='lat' dir='ltr'>certisque</span> <span class='ocrx_word' id='word_1_248' title='bbox 807 3313 967 3376; x_wconf 80' lang='lat' dir='ltr'>temporibus</span> <span class='ocrx_word' id='word_1_249' title='bbox 979 3312 1127 3374; x_wconf 75' lang='lat' dir='ltr'>praeberent</span> <span class='ocrx_word' id='word_1_250' title='bbox 1138 3307 1295 3356; x_wconf 86' lang='lat' dir='ltr'>sacerdotes.</span> <span class='ocrx_word' id='word_1_251' title='bbox 1330 3305 1372 3356; x_wconf 87' lang='lat' dir='ltr'>ln-</span> 
     </span>
     <span class='ocr_line' id='line_1_27' title="bbox 267 3385 1370 3454; baseline 0.002 -20"><span class='ocrx_word' id='word_1_252' title='bbox 267 3385 379 3446; x_wconf 84' lang='lat' dir='ltr'>dueant,</span> <span class='ocrx_word' id='word_1_253' title='bbox 389 3390 418 3434; x_wconf 88' lang='lat' dir='ltr'>et</span> <span class='ocrx_word' id='word_1_254' title='bbox 428 3386 565 3436; x_wconf 87' lang='lat' dir='ltr'>seducunt.</span> <span class='ocrx_word' id='word_1_255' title='bbox 591 3388 688 3438; x_wconf 82' lang='lat' dir='ltr'>Audite</span> <span class='ocrx_word' id='word_1_256' title='bbox 701 3405 740 3438; x_wconf 90' lang='lat' dir='ltr'>me</span> <span class='ocrx_word' id='word_1_257' title='bbox 748 3391 870 3454; x_wconf 81' lang='lat' dir='ltr'>juvenes,</span> <span class='ocrx_word' id='word_1_258' title='bbox 879 3397 916 3451; x_wconf 87' lang='lat' dir='ltr'>et,</span> <span class='ocrx_word' id='word_1_259' title='bbox 926 3404 983 3438; x_wconf 88' lang='lat' dir='ltr'>curu</span> <span class='ocrx_word' id='word_1_260' title='bbox 997 3390 1063 3437; x_wconf 89' lang='lat' dir='ltr'>bono</span> <span class='ocrx_word' id='word_1_261' title='bbox 1073 3387 1215 3448; x_wconf 87' lang='lat' dir='ltr'>Mercurio,</span> <span class='ocrx_word' id='word_1_262' title='bbox 1225 3386 1290 3434; x_wconf 87' lang='lat' dir='ltr'>inite</span> <span class='ocrx_word' id='word_1_263' title='bbox 1303 3385 1370 3436; x_wconf 84' lang='lat' dir='ltr'>vlam</span> 
     </span>
     <span class='ocr_line' id='line_1_28' title="bbox 266 3465 1370 3533; baseline 0.001 -18"><span class='ocrx_word' id='word_1_264' title='bbox 266 3473 377 3515; x_wconf 82' lang='lat' dir='ltr'>rectem.</span> <span class='ocrx_word' id='word_1_265' title='bbox 410 3466 538 3530; x_wconf 72' lang='lat' dir='ltr'>taegirtm</span> <span class='ocrx_word' id='word_1_266' title='bbox 549 3469 735 3519; x_wconf 79' lang='lat' dir='ltr'>conviviiltora</span> <span class='ocrx_word' id='word_1_267' title='bbox 748 3471 819 3533; x_wconf 79' lang='lat' dir='ltr'>apud</span> <span class='ocrx_word' id='word_1_268' title='bbox 840 3471 966 3520; x_wconf 82' lang='lat' dir='ltr'>Romnnos</span> <span class='ocrx_word' id='word_1_269' title='bbox 985 3471 1091 3532; x_wconf 85' lang='lat' dir='ltr'>priscos,</span> <span class='ocrx_word' id='word_1_270' title='bbox 1108 3469 1153 3518; x_wconf 88' lang='lat' dir='ltr'>Sol</span> <span class='ocrx_word' id='word_1_271' title='bbox 1171 3481 1284 3517; x_wconf 87' lang='lat' dir='ltr'>occasus.</span> <span class='ocrx_word' id='word_1_272' title='bbox 1317 3465 1370 3516; x_wconf 83' lang='lat' dir='ltr'>Sal-</span> 
     </span>
     <span class='ocr_line' id='line_1_29' title="bbox 268 3545 1369 3614; baseline 0.001 -19"><span class='ocrx_word' id='word_1_273' title='bbox 268 3545 360 3596; x_wconf 82' lang='lat' dir='ltr'>viaans</span> <span class='ocrx_word' id='word_1_274' title='bbox 370 3545 414 3597; x_wconf 89' lang='lat' dir='ltr'>lib.</span> <span class='ocrx_word' id='word_1_275' title='bbox 426 3561 446 3596; x_wconf 86' lang='lat' dir='ltr'>t.</span> <span class='ocrx_word' id='word_1_276' title='bbox 463 3547 614 3612; x_wconf 80' lang='lat' dir='ltr'>‘Numquid</span> <span class='ocrx_word' id='word_1_277' title='bbox 625 3563 729 3612; x_wconf 83' lang='lat' dir='ltr'>paream</span> <span class='ocrx_word' id='word_1_278' title='bbox 749 3551 820 3600; x_wconf 78' lang='lat' dir='ltr'>illurn</span> <span class='ocrx_word' id='word_1_279' title='bbox 832 3556 893 3600; x_wconf 89' lang='lat' dir='ltr'>tunc</span> <span class='ocrx_word' id='word_1_280' title='bbox 905 3558 1085 3614; x_wconf 77' lang='lat' dir='ltr'>agrestemque</span> <span class='ocrx_word' id='word_1_281' title='bbox 1101 3550 1180 3598; x_wconf 83' lang='lat' dir='ltr'>ritant</span> <span class='ocrx_word' id='word_1_282' title='bbox 1198 3563 1255 3597; x_wconf 86' lang='lat' dir='ltr'>cum</span> <span class='ocrx_word' id='word_1_283' title='bbox 1272 3547 1369 3611; x_wconf 83' lang='lat' dir='ltr'>gemitu</span> 
     </span>
     <span class='ocr_line' id='line_1_30' title="bbox 268 3625 1370 3692; baseline 0.001 -16"><span class='ocrx_word' id='word_1_284' title='bbox 268 3634 298 3676; x_wconf 90' lang='lat' dir='ltr'>et</span> <span class='ocrx_word' id='word_1_285' title='bbox 307 3625 397 3676; x_wconf 90' lang='lat' dir='ltr'>dolore</span> <span class='ocrx_word' id='word_1_286' title='bbox 408 3629 563 3690; x_wconf 82' lang='lat' dir='ltr'>tolerabant,</span> <span class='ocrx_word' id='word_1_287' title='bbox 574 3643 633 3679; x_wconf 88' lang='lat' dir='ltr'>cum</span> <span class='ocrx_word' id='word_1_288' title='bbox 646 3629 708 3679; x_wconf 84' lang='lat' dir='ltr'>viles</span> <span class='ocrx_word' id='word_1_289' title='bbox 719 3644 749 3680; x_wconf 85' lang='lat' dir='ltr'>ac</span> <span class='ocrx_word' id='word_1_290' title='bbox 761 3629 870 3679; x_wconf 82' lang='lat' dir='ltr'>mutleos</span> <span class='ocrx_word' id='word_1_291' title='bbox 883 3629 964 3691; x_wconf 88' lang='lat' dir='ltr'>cibos,</span> <span class='ocrx_word' id='word_1_292' title='bbox 975 3636 1036 3678; x_wconf 81' lang='lat' dir='ltr'>ente</span> <span class='ocrx_word' id='word_1_293' title='bbox 1051 3630 1120 3692; x_wconf 86' lang='lat' dir='ltr'>ipsos</span> <span class='ocrx_word' id='word_1_294' title='bbox 1136 3627 1227 3692; x_wconf 90' lang='lat' dir='ltr'>quibus</span> <span class='ocrx_word' id='word_1_295' title='bbox 1245 3633 1370 3677; x_wconf 79' lang='lat' dir='ltr'>coxerant</span> 
     </span>
     <span class='ocr_line' id='line_1_31' title="bbox 267 3705 1366 3773; baseline 0 -18"><span class='ocrx_word' id='word_1_296' title='bbox 267 3705 341 3757; x_wconf 77' lang='lat' dir='ltr'>soom</span> <span class='ocrx_word' id='word_1_297' title='bbox 350 3715 482 3758; x_wconf 86' lang='lat' dir='ltr'>sumerent</span> <span class='ocrx_word' id='word_1_298' title='bbox 492 3724 587 3773; x_wconf 79' lang='lat' dir='ltr'>eosque</span> <span class='ocrx_word' id='word_1_299' title='bbox 597 3710 668 3773; x_wconf 87' lang='lat' dir='ltr'>ipsos</span> <span class='ocrx_word' id='word_1_300' title='bbox 680 3725 775 3773; x_wconf 86' lang='lat' dir='ltr'>capere</span> <span class='ocrx_word' id='word_1_301' title='bbox 788 3710 836 3758; x_wconf 87' lang='lat' dir='ltr'>uisi</span> <span class='ocrx_word' id='word_1_302' title='bbox 853 3709 885 3760; x_wconf 83' lang='lat' dir='ltr'>ad</span> <span class='ocrx_word' id='word_1_303' title='bbox 904 3723 1038 3773; x_wconf 77' lang='lat' dir='ltr'>vesperam</span> <span class='ocrx_word' id='word_1_304' title='bbox 1054 3723 1106 3758; x_wconf 91' lang='lat' dir='ltr'>uon</span> <span class='ocrx_word' id='word_1_305' title='bbox 1125 3706 1242 3758; x_wconf 86' lang='lat' dir='ltr'>licereti’</span> <span class='ocrx_word' id='word_1_306' title='bbox 1275 3706 1366 3771; x_wconf 84' lang='lat' dir='ltr'>ltaque</span> 
     </span>
    </p>
   </div>
   <div class='ocr_carea' id='block_1_8' title="bbox 267 3786 1464 3854">
    <p class='ocr_par' dir='ltr' id='par_1_8' title="bbox 267 3786 1464 3854">
     <span class='ocr_line' id='line_1_32' title="bbox 267 3786 1464 3854; baseline 0 -18"><span class='ocrx_word' id='word_1_307' title='bbox 267 3786 329 3852; x_wconf 83' lang='lat' dir='ltr'>qula</span> <span class='ocrx_word' id='word_1_308' title='bbox 339 3803 447 3852; x_wconf 77' lang='lat' dir='ltr'>vespere</span> <span class='ocrx_word' id='word_1_309' title='bbox 459 3805 546 3841; x_wconf 76' lang='lat' dir='ltr'>cena:</span> <span class='ocrx_word' id='word_1_310' title='bbox 567 3790 627 3840; x_wconf 93' lang='lat' dir='ltr'>ideo</span> <span class='ocrx_word' id='word_1_311' title='bbox 646 3787 776 3854; x_wconf 78' lang='lat' dir='ltr'>proverbii</span> <span class='ocrx_word' id='word_1_312' title='bbox 795 3789 879 3840; x_wconf 81' lang='lat' dir='ltr'>forma</span> <span class='ocrx_word' id='word_1_313' title='bbox 897 3792 923 3840; x_wconf 93' lang='lat' dir='ltr'>in</span> <span class='ocrx_word' id='word_1_314' title='bbox 941 3792 1046 3852; x_wconf 82' lang='lat' dir='ltr'>Plauto,</span> <span class='ocrx_word' id='word_1_315' title='bbox 1064 3793 1094 3840; x_wconf 83' lang='lat' dir='ltr'>de</span> <span class='ocrx_word' id='word_1_316' title='bbox 1111 3803 1205 3853; x_wconf 78' lang='lat' dir='ltr'>vespm</span> <span class='ocrx_word' id='word_1_317' title='bbox 1220 3801 1263 3838; x_wconf 79' lang='lat' dir='ltr'>aar</span> <span class='ocrx_word' id='word_1_318' title='bbox 1279 3787 1366 3836; x_wconf 88' lang='lat' dir='ltr'>nirere.</span> <span class='ocrx_word' id='word_1_319' title='bbox 1459 3801 1464 3809; x_wconf 95' lang='lat'>·</span> 
     </span>
    </p>
   </div>
   <div class='ocr_carea' id='block_1_9' title="bbox 264 3865 1366 4336">
    <p class='ocr_par' dir='ltr' id='par_1_9' title="bbox 264 3865 1366 4336">
     <span class='ocr_line' id='line_1_33' title="bbox 265 3865 1366 3936; baseline -0.004 -19"><span class='ocrx_word' id='word_1_320' title='bbox 265 3865 364 3918; x_wconf 82' lang='lat' dir='ltr'>Postea</span> <span class='ocrx_word' id='word_1_321' title='bbox 374 3877 460 3919; x_wconf 89' lang='lat' dir='ltr'>autem</span> <span class='ocrx_word' id='word_1_322' title='bbox 471 3871 581 3920; x_wconf 87' lang='lat' dir='ltr'>Decima</span> <span class='ocrx_word' id='word_1_323' title='bbox 592 3872 679 3920; x_wconf 89' lang='lat' dir='ltr'>baberi</span> <span class='ocrx_word' id='word_1_324' title='bbox 689 3880 784 3936; x_wconf 84' lang='lat' dir='ltr'>coepta.</span> <span class='ocrx_word' id='word_1_325' title='bbox 818 3873 895 3923; x_wconf 86' lang='lat' dir='ltr'>Clare</span> <span class='ocrx_word' id='word_1_326' title='bbox 904 3888 936 3921; x_wconf 84' lang='lat' dir='ltr'>ex</span> <span class='ocrx_word' id='word_1_327' title='bbox 947 3871 1084 3922; x_wconf 81' lang='lat' dir='ltr'>Cornificio</span> <span class='ocrx_word' id='word_1_328' title='bbox 1096 3869 1128 3920; x_wconf 88' lang='lat' dir='ltr'>ad</span> <span class='ocrx_word' id='word_1_329' title='bbox 1142 3867 1311 3928; x_wconf 86' lang='lat' dir='ltr'>Herennium,</span> <span class='ocrx_word' id='word_1_330' title='bbox 1322 3865 1366 3914; x_wconf 89' lang='lat' dir='ltr'>ubi</span> 
     </span>
     <span class='ocr_line' id='line_1_34' title="bbox 265 3945 1366 4015; baseline -0.001 -20"><span class='ocrx_word' id='word_1_331' title='bbox 265 3945 391 3997; x_wconf 83' lang='lat' dir='ltr'>describit</span> <span class='ocrx_word' id='word_1_332' title='bbox 401 3950 527 4000; x_wconf 87' lang='lat' dir='ltr'>bominem</span> <span class='ocrx_word' id='word_1_333' title='bbox 540 3965 604 4000; x_wconf 85' lang='lat' dir='ltr'>vane</span> <span class='ocrx_word' id='word_1_334' title='bbox 615 3953 752 4013; x_wconf 85' lang='lat' dir='ltr'>gloriosum</span> <span class='ocrx_word' id='word_1_335' title='bbox 764 3955 782 4002; x_wconf 94' lang='grc'>1.</span> <span class='ocrx_word' id='word_1_336' title='bbox 794 3967 832 4003; x_wconf 90' lang='lat' dir='ltr'>rv.</span> <span class='ocrx_word' id='word_1_337' title='bbox 851 3954 877 4003; x_wconf 90' lang='lat' dir='ltr'>la</span> <span class='ocrx_word' id='word_1_338' title='bbox 888 3953 920 4001; x_wconf 85' lang='lat' dir='ltr'>ad</span> <span class='ocrx_word' id='word_1_339' title='bbox 934 3967 987 4013; x_wconf 85' lang='lat' dir='ltr'>eos,</span> <span class='ocrx_word' id='word_1_340' title='bbox 998 3962 1062 4015; x_wconf 84' lang='lat' dir='ltr'>quos</span> <span class='ocrx_word' id='word_1_341' title='bbox 1074 3958 1211 4001; x_wconf 74' lang='lat' dir='ltr'>vocaverat</span> <span class='ocrx_word' id='word_1_342' title='bbox 1224 3947 1256 3997; x_wconf 88' lang='lat' dir='ltr'>ed</span> <span class='ocrx_word' id='word_1_343' title='bbox 1267 3959 1366 3996; x_wconf 75' lang='lat' dir='ltr'>creatam</span> 
     </span>
     <span class='ocr_line' id='line_1_35' title="bbox 265 4026 1351 4098; baseline -0.002 -22"><span class='ocrx_word' id='word_1_344' title='bbox 265 4039 317 4076; x_wconf 81' lang='lat' dir='ltr'>non</span> <span class='ocrx_word' id='word_1_345' title='bbox 328 4026 355 4074; x_wconf 90' lang='lat' dir='ltr'>ln</span> <span class='ocrx_word' id='word_1_346' title='bbox 365 4041 423 4076; x_wconf 82' lang='lat' dir='ltr'>eoas</span> <span class='ocrx_word' id='word_1_347' title='bbox 434 4028 518 4078; x_wconf 69' lang='lat' dir='ltr'>edes:</span> <span class='ocrx_word' id='word_1_348' title='bbox 534 4034 541 4059; x_wconf 89' lang='lat'>‘</span> <span class='ocrx_word' id='word_1_349' title='bbox 555 4030 648 4080; x_wconf 82' lang='lat' dir='ltr'>ltauei</span> <span class='ocrx_word' id='word_1_350' title='bbox 664 4047 761 4091; x_wconf 82' lang='lat' dir='ltr'>eamus,</span> <span class='ocrx_word' id='word_1_351' title='bbox 771 4033 865 4098; x_wconf 85' lang='lat' dir='ltr'>iuquit,</span> <span class='ocrx_word' id='word_1_352' title='bbox 875 4032 1001 4094; x_wconf 78' lang='lat' dir='ltr'>hospites.</span> <span class='ocrx_word' id='word_1_353' title='bbox 1018 4031 1110 4080; x_wconf 83' lang='lat' dir='ltr'>Frater</span> <span class='ocrx_word' id='word_1_354' title='bbox 1119 4031 1189 4078; x_wconf 86' lang='lat' dir='ltr'>venit</span> <span class='ocrx_word' id='word_1_355' title='bbox 1199 4043 1231 4078; x_wconf 81' lang='lat' dir='ltr'>ea</span> <span class='ocrx_word' id='word_1_356' title='bbox 1242 4027 1351 4078; x_wconf 75' lang='lat' dir='ltr'>salernu</span> 
     </span>
     <span class='ocr_line' id='line_1_36' title="bbox 266 4105 1364 4175; baseline 0 -21"><span class='ocrx_word' id='word_1_357' title='bbox 266 4119 315 4170; x_wconf 83' lang='lat' dir='ltr'>ego</span> <span class='ocrx_word' id='word_1_358' title='bbox 325 4106 365 4154; x_wconf 90' lang='lat' dir='ltr'>illi</span> <span class='ocrx_word' id='word_1_359' title='bbox 375 4106 477 4158; x_wconf 83' lang='lat' dir='ltr'>obuiam</span> <span class='ocrx_word' id='word_1_360' title='bbox 488 4125 577 4175; x_wconf 86' lang='lat' dir='ltr'>pergo,</span> <span class='ocrx_word' id='word_1_361' title='bbox 594 4127 637 4161; x_wconf 71' lang='lat' dir='ltr'>vos</span> <span class='ocrx_word' id='word_1_362' title='bbox 648 4115 699 4163; x_wconf 87' lang='lat' dir='ltr'>bue</span> <span class='ocrx_word' id='word_1_363' title='bbox 719 4114 830 4163; x_wconf 86' lang='lat' dir='ltr'>Decima</span> <span class='ocrx_word' id='word_1_364' title='bbox 848 4111 972 4160; x_wconf 88' lang='lat' dir='ltr'>venitote.</span> <span class='ocrx_word' id='word_1_365' title='bbox 1007 4111 1131 4173; x_wconf 86' lang='lat' dir='ltr'>Hospites</span> <span class='ocrx_word' id='word_1_366' title='bbox 1150 4109 1302 4157; x_wconf 80' lang='lat' dir='ltr'>discedunt:</span> <span class='ocrx_word' id='word_1_367' title='bbox 1319 4105 1364 4154; x_wconf 79' lang='lat' dir='ltr'>tlte</span> 
     </span>
     <span class='ocr_line' id='line_1_37' title="bbox 264 4182 1364 4254; baseline -0.004 -17"><span class='ocrx_word' id='word_1_368' title='bbox 264 4186 407 4250; x_wconf 69' lang='lat' dir='ltr'>sumptim</span> <span class='ocrx_word' id='word_1_369' title='bbox 423 4186 526 4239; x_wconf 83' lang='lat' dir='ltr'>domurn</span> <span class='ocrx_word' id='word_1_370' title='bbox 543 4205 615 4240; x_wconf 81' lang='lat' dir='ltr'>stram</span> <span class='ocrx_word' id='word_1_371' title='bbox 626 4192 750 4254; x_wconf 83' lang='lat' dir='ltr'>conjicit:</span> <span class='ocrx_word' id='word_1_372' title='bbox 767 4193 806 4242; x_wconf 89' lang='lat' dir='ltr'>illi</span> <span class='ocrx_word' id='word_1_373' title='bbox 816 4191 924 4241; x_wconf 87' lang='lat' dir='ltr'>Decima</span> <span class='ocrx_word' id='word_1_374' title='bbox 939 4204 990 4254; x_wconf 89' lang='lat' dir='ltr'>quo</span> <span class='ocrx_word' id='word_1_375' title='bbox 997 4190 1119 4252; x_wconf 63' lang='lat' dir='ltr'>juverat,</span> <span class='ocrx_word' id='word_1_376' title='bbox 1131 4186 1253 4236; x_wconf 71' lang='lat' dir='ltr'>veniunt!</span> <span class='ocrx_word' id='word_1_377' title='bbox 1285 4185 1320 4234; x_wconf 83' lang='lat' dir='ltr'>Et</span> <span class='ocrx_word' id='word_1_378' title='bbox 1330 4182 1364 4234; x_wconf 80' lang='lat' dir='ltr'>ab</span> 
     </span>
     <span class='ocr_line' id='line_1_38' title="bbox 265 4264 1364 4336; baseline -0.002 -18"><span class='ocrx_word' id='word_1_379' title='bbox 265 4282 298 4318; x_wconf 83' lang='lat' dir='ltr'>ea</span> <span class='ocrx_word' id='word_1_380' title='bbox 307 4274 396 4328; x_wconf 79' lang='lat' dir='ltr'>mente</span> <span class='ocrx_word' id='word_1_381' title='bbox 406 4267 542 4335; x_wconf 73' lang='lat' dir='ltr'>Philippus</span> <span class='ocrx_word' id='word_1_382' title='bbox 552 4271 684 4322; x_wconf 81' lang='lat' dir='ltr'>Volteium</span> <span class='ocrx_word' id='word_1_383' title='bbox 695 4273 814 4336; x_wconf 85' lang='lat' dir='ltr'>inritans,</span> <span class='ocrx_word' id='word_1_384' title='bbox 826 4271 895 4335; x_wconf 83' lang='lat' dir='ltr'>apud</span> <span class='ocrx_word' id='word_1_385' title='bbox 908 4270 999 4322; x_wconf 84' lang='lat' dir='ltr'>Horat.</span> <span class='ocrx_word' id='word_1_386' title='bbox 1023 4269 1108 4318; x_wconf 86' lang='lat' dir='ltr'>‘Post</span> <span class='ocrx_word' id='word_1_387' title='bbox 1123 4281 1215 4318; x_wconf 85' lang='lat' dir='ltr'>nonam</span> <span class='ocrx_word' id='word_1_388' title='bbox 1227 4264 1364 4322; x_wconf 46' lang='lat' dir='ltr'>veniet-f</span> 
     </span>
    </p>
   </div>
   <div class='ocr_carea' id='block_1_10' title="bbox 0 0 1604 4917">
    <p class='ocr_par' dir='ltr' id='par_1_10' title="bbox 0 0 1604 4917">
     <span class='ocr_line' id='line_1_39' title="bbox 0 0 1604 4917; baseline 0 6"><span class='ocrx_word' id='word_1_389' title='bbox 0 0 1604 4917; x_wconf 95' lang='lat' dir='ltr'> </span> 
     </span>
    </p>
   </div>
  </div>
 </body>
</html>
