3200 4917
285 335 373 404 taso
601 349 635 398 c.
656 349 689 397 c.
712 341 843 398 rscrrr
869 347 1085 401 norrrortuu

226 559 228 563 .
288 509 297 540 ¹
331 497 390 564 Gli
405 493 525 559 Auruffi
541 492 576 559 di
589 493 630 558 G.
646 491 802 559 Cornelio
817 495 948 572 Tacito,
970 493 1112 560 badotte
1136 494 1170 558 iu
1184 493 1302 578 lingua
1320 495 1389 562 lta

286 605 378 669 liana
391 602 436 664 da
445 600 622 682 Ginseppe
638 596 859 662 Sauseverino
874 597 909 660 di
924 597 1055 678 Signori
1066 595 1312 675 Marcellinum,
1322 605 1390 664 sto·

286 703 462 785 riograpbo
475 703 529 765 del
543 701 579 764 S.
595 699 645 763 Μ.
658 699 701 762 0.
714 695 998 764 Girosolimitairo.
1015 699 1058 764 10
1072 700 1137 765 vol.
1152 698 1228 764 Oro.
1245 697 1391 784 Neapoli

287 804 533 872 wid-Hauc
545 804 728 869 versionem
747 806 859 866 textus
873 801 1011 866 latinus
1026 803 1202 866 comitatur
1216 821 1293 866 cum
1307 821 1390 885 pau·

287 913 567 1072 mGIAAiIilornelii
581 1004 693 1070 Taciti
705 1003 829 1087 Opera,
843 1023 887 1068 cx
900 1003 1044 1068 editione
1058 1001 1081 1068 J
1083 1023 1128 1068 er.
1138 1002 1161 1069 J
1164 1023 1214 1069 ac·
1230 1004 1390 1084 Oberlini,

290 1108 406 1174 sedula
430 1107 622 1172 recensione
650 1114 819 1182 accurata,
843 1107 963 1188 quibus
991 1112 1204 1170 accesserunt
1227 1105 1396 1192 Gabrielis

290 1209 444 1275 Brotierii
460 1210 713 1292 Supplementa,
737 1227 814 1272 cum
838 1207 999 1290 locupleti
1019 1207 1142 1286 indice,
1163 1207 1391 1274 8v01.12mo.

291 1310 399 1378 lond.
423 1309 519 1374 1817.

332 1413 406 1477 The
435 1413 603 1496 Germauy
631 1413 697 1476 and
723 1411 886 1493 Agricola
907 1411 948 1476 of
968 1411 1008 1476 C.
1036 1411 1211 1476 Cornelius
1238 1410 1390 1491 Tacitus,

288 1513 375 1580 from
398 1512 556 1577 Brotier's
568 1513 669 1590 Text,
684 1513 764 1576 with
785 1513 832 1576 all
853 1511 908 1576 his
923 1511 1173 1589 Observations,
1191 1509 1310 1591 Notes,
1327 1511 1392 1577 aud

289 1613 537 1689 Emendationis,
563 1613 675 1677 edited
698 1615 745 1697 by
771 1611 809 1678 Ε.
834 1612 881 1677 Η.
899 1612 1037 1676 Barker.
1065 1613 1156 1678 Edit.
1183 1613 1258 1678 ida
1281 1614 1392 1678 limo.

291 1716 398 1782 Lond.
422 1714 518 1780 1818.
561 1715 669 1780 Nulla
679 1716 797 1780 horum
812 1715 998 1779 libellorum
1013 1714 1128 1792 editio,
1150 1721 1270 1799 praeter
1292 1715 1392 1792 hauc,

291 1817 447 1883 moueat
461 1817 707 1881 observationes
720 1819 827 1882 textui
849 1817 1055 1900 subjunctas,
1072 1835 1233 1880 unacum
1256 1821 1391 1880 annota-

291 1919 437 1986 tionibus
450 1926 487 1981 et
498 1917 794 1996 emendationibus,
810 1919 874 1982 sub
883 1917 981 1980 tinem
994 1915 1092 1993 datis,
1106 1917 1259 1992 continet,
1271 1932 1393 1997 nempe

291 2021 470 2106 separatim
483 2020 527 2083 ab
541 2020 618 2083 aliis
628 2018 741 2085 Taciti
757 2019 928 2103 operibus.

335 2121 412 2186 Gaii
426 2119 571 2184 Cornelii
587 2121 699 2185 Taciti
725 2118 896 2202 Agricola,
921 2117 1084 2196 Deutsch,
1104 2117 1166 2182 mit
1192 2116 1393 2182 Rechtterti·

292 2237 422 2306 pungen
436 2239 505 2284 uon
518 2221 604 2284 Lud.
620 2221 830 2286 Doederlein.
852 2220 930 2286 Suo.
945 2222 1022 2304 maj.
1039 2219 1142 2284 Arov.
1157 2219 1253 2284 1818.

335 2321 477 2386 Tacitus
502 2322 545 2387 de
569 2321 723 2387 Moribus
746 2321 858 2386 Germ.
881 2327 913 2384 et
942 2321 985 2384 de
1003 2320 1088 2385 Vita
1109 2317 1292 2402 Agricolae,
1314 2337 1394 2383 cura

293 2421 438 2488 Relban.
482 2422 733 2507 Geograpbicas
747 2422 848 2486 habet
869 2421 1010 2486 Chartae
1035 2426 1071 2485 et
1095 2421 1243 2504 sequitur
1266 2423 1393 2484 textum

294 2523 550 2600 Brotieriaunm,
573 2522 673 2587 Cant.
695 2522 792 2587 1818.

337 2623 442 2688 Gaius
457 2621 632 2688 Cornelius
647 2623 797 2701 Tacitus,
822 2623 952 2706 qualem
968 2624 1057 2688 omni
1080 2629 1174 2708 parte
1198 2623 1394 2688 illustratum

294 2730 463 2809 postremo
478 2727 666 2808 publicavit
678 2724 746 2790 Jer.
761 2724 784 2790 J
786 2744 837 2791 ac·
854 2725 1003 2804 Oberlin,
1027 2726 1079 2790 cui
1095 2724 1290 2807 posthumus
1304 2723 1394 2808 ejus·

295 2823 371 2890 dem
399 2828 631 2891 annotationes
659 2835 693 2889 et
720 2826 847 2890 selecta
869 2815 1035 2890 variorum
1061 2824 1286 2890 additamenta
1314 2825 1395 2888 sub·
1424 2839 1433 2864 ⁸
1461 2841 1463 2850 ·

289 2927 406 3013 junxit
419 2927 494 2992 tos.
511 2926 661 3004 Nandet,
682 2947 726 2991 ex
740 2925 852 3010 Regia
877 2927 1139 3012 Inscriptionum
1155 2935 1189 2992 et
1210 2923 1395 2991 Literarum

296 3026 482 3094 Academia
505 3031 539 3093 in
564 3029 725 3094 Instituto
751 3026 897 3092 Gallico.
920 3031 942 3092 3
965 3031 1030 3094 vol.
1054 3028 1131 3093 Suo.
1165 3027 1261 3092 1819.
1305 3025 1394 3093 Haec

295 3131 401 3197 editio
416 3141 467 3196 est
484 3150 563 3216 pars
578 3129 810 3220 Classicorum
823 3131 858 3192 in
870 3132 954 3194 serie
967 3132 1190 3213 vulgatorum,
1213 3131 1269 3193 cui
1284 3127 1396 3212 titulus

296 3235 360 3305 est,
385 3231 622 3314 Bibliotbbque
640 3229 817 3313 classique
840 3229 969 3308 Latine,
991 3249 1036 3294 ou
1052 3229 1238 3294 collection
1253 3229 1312 3291 des
1324 3227 1398 3292 Au·

295 3332 387 3393 teurs
411 3327 603 3412 Classiqnes
626 3330 752 3407 Latius,
775 3347 859 3394 avec
882 3331 943 3394 des
969 3328 1232 3393 Commentaires
1259 3330 1397 3394 enciens

296 3436 331 3494 et
355 3445 544 3507 noureaux,
567 3429 626 3493 des
652 3429 761 3493 ludex
788 3432 963 3514 completa,
990 3430 1021 3493 le
1040 3435 1180 3513 pertrait
1204 3433 1246 3496 de
1268 3431 1396 3516 chaque

297 3535 424 3607 auteur,
447 3529 506 3594 des
520 3539 629 3595 cartes
643 3531 918 3615 geographiques,
932 3533 993 3596 &a
1016 3531 1149 3614 publiee
1167 3552 1230 3616 par
1253 3531 1397 3598 Nicolas

297 3629 374 3700 Ποῖ
392 3631 552 3694 lemaire.
1451 3692 1460 3700 .

341 3731 530 3815 Scriptores
558 3731 716 3809 Romani,
749 3733 821 3798 siro
846 3731 977 3800 Selecta
998 3755 1044 3800 ex
1064 3735 1103 3801 G.
1125 3737 1259 3818 Tacito,
1280 3739 1339 3801 &a
1360 3725 1422 3799 in'

297 3853 396 3900 usum
420 3835 553 3900 Scholoe
579 3834 778 3902 Etoneusis:
800 3838 836 3901 ct
858 3835 943 3902 ibid.
966 3835 1154 3905 Conciom
1167 3845 1202 3905 ot
1221 3837 1396 3904 Orationes

297 3951 345 4000 ex
358 3934 541 4004 Historicis
554 3934 696 4002 Induis
846 3929 847 3934 ’
