3200 4917
266 377 357 458 ‘4⁴72
622 398 653 446 s.
677 394 790 446 nrosu
816 395 1015 446 nxouasus

267 563 340 600 cura.
370 545 433 596 Dixi
448 541 575 608 ejusmodi
595 541 704 592 int'arues
723 541 832 592 feminas
854 541 962 591 cessisse
978 539 1107 604 dignitate
1126 542 1273 604 matronali,
1289 544 1368 594 etiam

267 627 435 682 ornamentis.
467 625 511 674 De
522 623 659 686 dignitate,
679 622 763 687 liquet
773 636 808 671 ex
819 620 942 671 Suetonio
955 637 961 670 :
980 619 1013 669 dc
1023 621 1190 681 ornamentis,
1200 635 1234 670 ex
1243 623 1368 673 'lirrtulli-

269 723 329 771 sno,
340 709 381 756 De
390 707 463 757 cultu
474 722 481 754 z
499 709 507 732 ¹
519 702 589 756 Quid
598 703 683 752 minos
693 702 791 752 habeut
799 700 983 750 infelicissime
1000 699 1052 748 illae
1062 699 1223 762 publicarum
1233 701 1368 754 libidinum

269 787 401 838 victima:
429 799 492 849 quas
515 784 537 832 si
562 797 621 848 quss
645 783 715 844 leges
737 796 754 830 a
774 780 900 830 matronis
920 786 948 829 et
969 779 1153 830 matronalibus
1179 779 1368 834 decoramentis

269 867 434 925 coercebant,
448 866 503 928 jam
524 869 598 912 certe
620 861 709 911 saeculi
727 859 879 923 improbitas
900 857 1085 908 honestissimis
1105 859 1250 925 quibusque
1267 861 1368 912 feminis

269 947 351 1012 nsq'de
366 946 398 994 sd
407 955 522 994 errorem
533 940 685 991 dinoscendi
697 938 861 1002 coaequavit!
895 939 995 1006 Ceuseq
1012 945 1098 988 antem
1114 940 1232 1002 posuisse
1243 955 1287 990 eas
1296 941 1369 991 insti·

268 1034 331 1090 tam,
342 1026 444 1088 stolam,
453 1025 532 1073 vittas
543 1040 551 1084 3
563 1024 613 1072 imo
621 1021 759 1084 sumpsisse
768 1020 942 1069 meretriciam
955 1026 1050 1083 togam.
1084 1019 1198 1070 Inducor
1207 1020 1369 1072 aJusenali:

268 1106 404 1156 ‘Carfinia
424 1105 503 1154 talem
522 1104 582 1154 Non
601 1106 685 1151 sumet
695 1100 816 1149 damnata
832 1106 917 1164 togam
929 1100 945 1148 ι’
962 1101 1050 1163 quide
1062 1106 1178 1150 matrona
1187 1101 1273 1166 eliqua
1285 1105 1368 1167 stupri

267 1185 390 1237 &mnata
411 1184 508 1234 sentire
530 1183 642 1243 videtur,
664 1181 706 1232 uei
725 1195 759 1229 ex
778 1195 848 1230 more
865 1181 1071 1244 sumendatogs.
1105 1183 1368 1232 Doeasmisdiotum

267 1267 333 1326 aliis,
349 1272 377 1315 et
395 1262 539 1327 prasertim
555 1263 594 1310 M.
606 1259 719 1309 Antonio
730 1261 853 1309 Muretus
877 1261 1091 1323 cujusdoctriua,
1098 1261 1233 1326 judicium,
1242 1262 1369 1327 facurrdia,

268 1358 371 1409 semper
379 1344 440 1393 mibi
451 1357 552 1405 magm
585 1341 672 1390 Unum
682 1341 759 1402 addo,
775 1355 892 1391 manasse
904 1341 985 1391 rideri
997 1355 1095 1390 morem
1113 1357 1171 1391 eum
1184 1342 1217 1393 sb
1228 1342 1368 1395 Athenien-

266 1425 358 1475 sibus:
378 1422 447 1486 apud
465 1436 528 1486 quos
540 1426 629 1470 scorta
650 1421 749 1483 pariter
768 1427 841 1469 veste
853 1436 878 1472 ,a
894 1430 1012 1471 matrona
1024 1420 1149 1473 discreta:
1166 1422 1244 1487 idque
1255 1424 1367 1488 exlege.

268 1503 362 1554 Suidas
372 1520 380 1553 ι
391 1499 461 1563 νόμος
469 1498 589 1567 Ἀθηνῇσι,
597 1499 641 1549 rds
651 1498 744 1563 troipas
754 1498 835 1549 moa
843 1502 931 1565 φορεῖν.

801 1692 834 1740 P.

301 1825 369 1875 Can.
379 1827 419 1872 87.
430 1822 531 1872 Tamen
542 1819 643 1884 reperio
654 1818 766 1883 Augusti
777 1835 834 1870 mro
845 1825 873 1870 et
884 1819 959 1883 infra,
975 1835 992 1869 s
1007 1821 1094 1870 liberis
1112 1825 1200 1884 patres
1222 1823 1367 1886 appellatos

268 1901 411 1954 D'ominos:
425 1910 453 1951 et
464 1900 609 1950 ulmtribus
619 1899 814 1951 blandientibus
825 1901 929 1951 iratres.
962 1902 1039 1953 Quod
1051 1909 1136 1952 tamen
1145 1901 1277 1967 Augustus
1287 1904 1313 1953 iu
1322 1919 1369 1954 sus

269 1984 347 2034 domo
358 1983 451 2033 vetuit.
483 1981 622 2032 Suetonius
635 1997 642 2028 ε
659 1981 818 2030 ‘Dominum
836 1981 962 2044 appellari
974 1995 1002 2031 se
1015 1995 1063 2032 nee
1074 1981 1187 2034 alibero
1202 1983 1304 2048 quidem
1322 1991 1367 2034 aut

265 2064 407 2128 nepotibus
425 2063 477 2113 suis
497 2064 539 2112 vel
561 2061 630 2112 serio
651 2062 693 2111 vel
710 2061 773 2125 joco
790 2076 881 2125 passus
898 2069 957 2113 est:
975 2068 1054 2127 atque
1074 2062 1220 2126 hujusmodi
1232 2062 1368 2114 blanditias

268 2147 347 2196 etiam
359 2145 426 2192 inter
437 2145 507 2206 lpsoa
525 2141 673 2206 probibuit!
705 2142 803 2205 'l'angit
821 2156 884 2192 ecoe
901 2147 1038 2206 utrumque
1057 2157 1165 2204 morem,
1184 2148 1211 2192 et
1229 2144 1320 2192 vellem
1341 2143 1368 2192 id

266 2225 425 2288 interpretes
435 2222 604 2270 monuissent.
637 2220 714 2272 Quod
726 2228 823 2284 patres,
834 2220 929 2270 domini
941 2237 948 2270 a
966 2222 1046 2272 etiam
1066 2237 1098 2271 ex
1110 2223 1266 2273 Diadumeni
1282 2224 1368 2274 Gesa-

268 2302 305 2352 ris
326 2303 439 2365 epistola
457 2293 596 2364 cognosco,
614 2300 647 2348 ad
664 2306 791 2349 matrem:
809 2299 955 2350 ‘Dominus
977 2306 1067 2351 noster
1082 2309 1109 2351 et
1128 2301 1262 2366 Augustus
1274 2317 1323 2351 nec
1340 2309 1369 2351 te

267 2390 406 2445 amat,nec
422 2383 506 2446 ipsum
524 2397 563 2444 se,
582 2381 627 2445 qui
641 2381 758 2430 inimicos
776 2395 837 2428 suos
856 2385 960 2430 servu?
991 2382 1027 2430 Et
1038 2381 1109 2432 elate
1120 2383 1206 2431 exilio
1218 2383 1347 2432 Martialis
1360 2399 1367 2432 r

267 2463 276 2492 ‘
287 2464 311 2512 E
319 2477 393 2512 servo
403 2464 454 2511 scis
463 2469 490 2510 te
498 2462 623 2524 genitum,
630 2459 775 2523 blandeque
783 2459 885 2522 fateris,
894 2459 960 2509 Cum
969 2459 1100 2509 domiuum
1109 2462 1225 2525 appellas
1233 2462 1367 2513 Sosibiane

266 2541 384 2605 patrenu'
416 2541 494 2593 Quod
504 2540 599 2590 fratres
619 2541 658 2589 sic
675 2541 759 2590 dieti:
775 2542 847 2590 loros
858 2542 963 2603 elegans
973 2542 1183 2606 Senecas,·eplst.
1204 2555 1247 2591 uu.
1279 2543 1368 2593 ‘illud

267 2621 329 2670 mibi
340 2621 366 2670 in
377 2635 424 2671 ors
434 2626 492 2671 erat
509 2621 606 2670 domini
616 2620 668 2669 mei
678 2620 815 2683 Gallionis,
826 2621 870 2684 qui
888 2635 945 2669 curn
957 2620 983 2669 iu
995 2619 1094 2670 Achaia
1105 2619 1198 2670 febrim
1207 2620 1305 2671 babere
1317 2637 1369 2672 οω-

268 2699 361 2764 pissct,
379 2700 515 2751 confestim
532 2702 618 2750 navim
640 2700 812 2751 conscendito
829 2701 964 2751 clamitans
981 2715 1031 2751 uon
1051 2701 1167 2765 corporis
1177 2715 1244 2764 esse,
1254 2701 1299 2752 red
1316 2702 1368 2752 loti

267 2780 384 2830 morbum
390 2781 408 2828 τ’
425 2797 485 2831 nam
506 2783 622 2846 loquitur
637 2782 669 2832 de
687 2780 770 2832 fratre
784 2782 864 2833 Junio
877 2782 1004 2832 Gallione.
1036 2781 1155 2847 Itemque
1167 2782 1290 2845 conjuges
1300 2780 1369 2830 inter

270 2871 300 2908 se
320 2873 352 2908 eo
371 2860 473 2909 nomine
496 2860 545 2910 nsi.
580 2861 674 2924 virgil.
690 2860 842 2910 ‘dominum
864 2861 963 2910 AEnean
981 2861 1007 2910 iu
1027 2876 1108 2925 regna
1129 2861 1235 2923 recepi!
1260 2862 1368 2910 sueton.

267 2937 395 2989 Claudio:
413 2938 530 2989 ‘Occisa
551 2939 710 3002 Messalliua,
728 2940 816 3003 paullo
831 2945 969 3006 postquam
989 2941 1016 2990 in
1033 2941 1147 2991 triclinio
1165 2940 1298 3003 decubuit,
1321 2952 1369 2988 cur

267 3015 373 3068 domins
384 3033 435 3070 nou
449 3020 552 3069 reniret
567 3019 721 3084 requisivit'
737 3019 829 3084 Virgil.
851 3020 999 3070 ‘dominam
1022 3021 1091 3071 Ditis
1109 3022 1221 3070 tlsalsmo
1239 3019 1369 3070 deducere

266 3099 352 3152 soora
362 3104 379 3150 :’
393 3100 440 3151 ubi
450 3101 555 3150 Servius
566 3117 573 3149 r
586 3102 594 3129 ‘
607 3101 753 3152 DeGrssco
765 3108 876 3151 tractum
887 3108 937 3164 est,
948 3102 992 3166 qul
1004 3115 1110 3150 uxorem
1123 3099 1247 3150 ronow
1257 3098 1368 3150 dicuut.'

266 3177 347 3242 Apud
365 3181 568 3232 iurisconsultus
587 3183 630 3231 De
653 3183 744 3246 Legat.
777 3183 866 3233 ‘Peto
885 3183 931 3232 abs
943 3189 971 3232 te
987 3181 1180 3232 dominaturos!
1215 3182 1368 3245 Epictetus:

266 3259 297 3309 Al
306 3260 488 3320 walemeiiiss
501 3261 548 3310 tul
563 3264 777 3324 emmenum
792 3265 851 3312 trev
861 3263 960 3312 telem
971 3263 1058 3326 hapso
1068 3262 1142 3324 sopiat
1152 3262 1287 3310 καλοῦνται.
1321 3259 1368 3310 Uti

267 3347 295 3390 et
314 3339 449 3389 adversum
466 3340 571 3401 amicas,
588 3342 683 3401 passim
693 3343 721 3390 in
731 3345 826 3407 poetis.
856 3343 909 3390 Sed
920 3351 947 3391 et
958 3343 1047 3392 obrius
1059 3343 1145 3404 vulgo,
1154 3340 1278 3390 Dominus
1293 3355 1368 3391 voca-

267 3417 341 3469 bant.
374 3416 448 3466 Idem
459 3418 578 3467 Seneea:
596 3421 752 3472 ‘Quomodo
774 3421 872 3487 obvios,
892 3422 913 3471 si
932 3436 1024 3471 nomen
1042 3435 1092 3471 non
1104 3421 1241 3484 succurrit,
1252 3421 1369 3471 dominos

267 3498 426 3549 salutamus!
458 3498 533 3548 Lusit
548 3498 682 3562 eleganter
697 3501 725 3549 in
738 3515 770 3550 eo
779 3515 851 3551 more
862 3502 941 3566 polita
952 3502 1059 3552 Graecus
1070 3503 1096 3550 in
1107 3499 1266 3564 Anthologis
1278 3517 1285 3550 r
1297 3498 1369 3549 *11νό

267 3577 338 3642 φίλω
352 3577 377 3627 tl
393 3577 467 3644 alm,
486 3576 679 3644 &austrinus
693 3579 759 3630 emo,
776 3580 942 3644 &suffitu
953 3579 1052 3642 delui
1063 3580 1170 3648 τιλάθν,
1181 3578 1307 3646 titudo
1318 3577 1368 3630 dv·

217 3695 223 3706 .
266 3658 433 3803 wrm
447 3660 496 3723 γὰρ
516 3659 555 3710 su
569 3661 684 3783 stoma
697 3660 796 3724 ppass-
818 3661 891 3726 sorup
910 3661 987 3725 sym·
1007 3665 1057 3713 oux
1077 3661 1150 3715 ulau
1165 3661 1259 3728 olon,
1276 3662 1303 3712 so
1321 3660 1369 3723 γὰρ
