3200 4917
313 384 401 455 iliu
660 392 768 450 uara
793 388 1065 459 vaaruuun'r'u

315 546 452 597 Sententia
462 545 595 608 exigeret:
614 542 662 593 Sed
675 541 846 608 milriyttioeqae
880 541 907 590 ln
918 542 951 591 V.
960 556 984 590 c.
996 538 1156 589 adadratiooe
1164 538 1252 600 potiar,
1262 546 1413 601 qumana·

314 628 371 671 tuoe.
393 622 517 670 Pirhcna.
881 616 967 665 latione
983 618 1123 665 decoremur.
1157 616 1211 663 Pro
1227 616 1414 679 eoveroquod

348 692 732 759 Excepieaemaarertemandota]
750 693 845 756 Vulgo,
882 700 922 741 eat
933 692 959 740 iu
975 692 1095 755 vulgario,
1111 691 1225 750 militum,
1236 693 1276 753 uo.
1293 690 1414 753 torturae,

315 772 469 835 oaceptaem:
493 777 522 820 at
539 771 640 834 scripsi,
668 770 846 832 excepiaaemna,
881 768 1015 818 imitatione
1035 769 1159 826 virtutum,
1180 770 1221 828 tre.
1249 766 1413 815 emendatius

315 848 473 911 qrriaaeneua
485 846 609 910 postulat,
626 851 656 894 ut
668 845 701 895 arl
713 844 845 908 Agricola
881 845 1019 906 legeretur.
1037 843 1075 891 Ut
1087 849 1157 891 totus
1169 844 1238 891 locus
1250 845 1284 891 lta
1295 843 1414 902 legaturr

317 940 419 989 quoquc
430 924 518 985 filium,
527 923 610 973 Taciti
621 936 736 982 uxorem,
748 920 845 970 refera-
881 920 1035 969 adouratiorre
1045 924 1069 966 te
1077 918 1165 979 potiar,
1177 933 1247 979 quom
1258 918 1415 978 emulatione,

314 1006 366 1050 tur.
400 1002 466 1050 Nam
479 1000 566 1048 atatim
576 996 845 1062 sequitunflgerenurr.
881 1000 906 1043 et
921 995 943 1043 ri
958 999 1045 1043 natam
1060 994 1200 1055 suppeditet,
1216 993 1350 1041 tordatione
1364 992 1416 1040 air·

315 1074 393 1124 Forte
414 1076 538 1138 scriptum
560 1080 626 1134 erat,
645 1074 794 1136 exceptorem,
816 1079 846 1121 ut
882 1076 959 1121 tutam
980 1073 1121 1132 decoremus,
1140 1071 1180 1131 qe.
1210 1069 1327 1117 Ursinus.
1368 1069 1415 1120 Jo-

314 1150 420 1213 taepein
435 1149 581 1199 Maenade
598 1147 773 1196 factttserror.
802 1148 846 1195 Pi·
882 1148 932 1195 aiat
948 1148 1083 1196 Mercerna
1100 1146 1140 1192 vir
1161 1152 1189 1193 et
1209 1144 1369 1193 immanitate
1385 1149 1415 1193 et

313 1226 395 1277 ciera.
413 1226 467 1275 Cur
478 1240 528 1275 nou
538 1224 703 1285 excopiatomur
714 1222 846 1285 scribitur,
881 1221 1000 1271 doctriua
1019 1220 1191 1283 plenissimus,
1218 1219 1293 1282 cujua
1320 1218 1416 1267 notitia

315 1306 346 1350 ut
356 1297 504 1365 figeremuti
523 1301 565 1348 De
578 1314 606 1347 ae
619 1298 686 1347 enim
698 1303 725 1348 et
737 1298 846 1361 conjuge
881 1296 943 1347 nilril
954 1298 1015 1346 mitri
1027 1295 1131 1345 Lutetia
1147 1294 1220 1343 dedit
1237 1293 1345 1355 gratius,
1361 1308 1415 1343 tua·

313 1377 437 1441 loquitur.
459 1375 591 1425 Acidaliae.
844 1366 847 1372 ’
883 1375 986 1437 picatur
1004 1374 1142 1436 legendum
1158 1372 1255 1421 intima
1271 1372 1414 1422 demetata.

347 1450 424 1499 Noluit
434 1457 482 1501 tom
500 1452 575 1511 laage
585 1450 697 1499 uirentia
706 1448 847 1510 conditione,
882 1450 989 1498 subtilia
1012 1448 1149 1498 admodum
1169 1446 1314 1496 eorrectio:
1344 1461 1415 1509 nam,

310 1530 368 1575 onte
383 1526 560 1589 quadriennium
571 1525 670 1577 amiatae
687 1526 723 1588 ea]
748 1524 791 1573 lta
809 1528 846 1575 lo·
883 1524 993 1573 imitatio
1013 1522 1141 1589 quoddam
1159 1522 1227 1571 lraud
1244 1523 1414 1585 dubiegenna

315 1616 373 1651 cu
383 1604 450 1651 lrnnc
462 1601 558 1664 accipit
569 1600 709 1664 sospitator
721 1600 763 1649 ille
773 1601 847 1649 Taci·
882 1607 922 1649 eet
949 1600 1060 1649 honoria.
1104 1598 1179 1649 Alina
1207 1599 1312 1662 quidam
1336 1601 1414 1663 longa

314 1676 354 1737 ti;
382 1682 411 1726 ut
429 1678 546 1726 rideatur
562 1677 660 1737 dicere,
681 1670 846 1725 conterritae
883 1675 944 1724 milri
967 1673 1135 1725 amicimimua
1157 1675 1272 1724 restituit
1291 1676 1359 1724 hunc
1378 1677 1415 1725 lo·

314 1752 383 1802 huuc
395 1751 507 1801 libellum
520 1752 688 1817 quadriennio
701 1758 761 1814 poat
780 1767 845 1804 mor-
883 1766 951 1811 cum,
973 1752 1072 1813 primo;
1099 1750 1203 1813 aupplet
1224 1764 1315 1800 vocem
1336 1767 1416 1815 quan,

315 1832 368 1877 tem
386 1826 525 1891 Agricolae.
559 1828 596 1876 Ar
611 1828 637 1876 iu
653 1827 847 1891 Strepiclonibua
883 1826 951 1891 quod
967 1825 998 1876 fit
1014 1841 1066 1875 non
1083 1826 1317 1877 raroinJCtorum
1334 1827 1415 1878 libria.

314 1902 410 1955 dudum
422 1903 536 1965 ostendi,
548 1904 617 1951 aliud
628 1903 693 1951 velle
704 1908 846 1963 auctorem,
883 1901 1048 1950 Admiratione
1058 1906 1082 1950 te
1091 1902 1169 1962 potiar
1185 1900 1285 1964 (quarn)
1302 1906 1417 1964 tempera·

315 1978 452 2042 etlricaque
470 1979 599 2027 sententia
618 1978 794 2041 pronuntiare,
811 1978 847 2026 vi·
882 1975 943 2023 litua
953 1975 1068 2023 traditan
1088 1975 1141 2023 Pro
1153 1975 1255 2023 militam
1265 1976 1352 2039 legere
1364 1976 1417 2026 Dia

315 2068 370 2103 tum
389 2054 439 2103 ribi
456 2055 605 2119 Agricolam
620 2055 674 2118 jam
699 2062 759 2103 tunc
779 2068 847 2103 mor·
884 2052 981 2099 Critica
989 2050 1103 2112 jubebat
1113 2050 1241 2099 moritura:
1256 2051 1302 2101 aed
1313 2065 1346 2100 ue
1357 2064 1415 2101 cra·

314 2134 396 2190 tuum,
418 2143 468 2192 quo
496 2137 625 2191 postremo
653 2128 737 2192 iprum
762 2129 846 2189 ridit;
885 2126 977 2175 branca
999 2126 1145 2175 excitentur
1166 2126 1337 2177 reatribamua
1355 2141 1416 2175 rnor-

314 2212 375 2253 aute
394 2205 589 2269 quadriennium
609 2205 716 2255 scilicet.
749 2204 847 2253 Conan-
883 2210 957 2255 mara.
990 2202 1344 2253 Ettotamaeutentlamaie:
1365 2202 1415 2251 At-

314 2279 643 2341 laturauperiatoatlfectu
653 2281 750 2329 Seneca
760 2279 845 2343 Epirt.
883 2280 1007 2328 nuatione
1022 2284 1047 2328 te
1061 2280 1141 2343 potiua
1158 2277 1322 2341 temporalitate
1340 2277 1417 2327 laudi·

314 2360 354 2406 6³.
375 2362 402 2407 et
423 2356 556 2407 Consolat.
575 2357 606 2405 ad
626 2357 752 2404 Marciam
772 2360 845 2405 alu.
884 2356 936 2417 irre,
957 2362 980 2404 et
1002 2357 1023 2404 ai
1043 2362 1130 2404 natura
1149 2355 1281 2417 auppmditet
1298 2360 1415 2403 mortuum

314 2432 370 2481 Ima
391 2438 419 2481 et
439 2430 548 2494 ipsemet
563 2431 647 2481 Tacit.
667 2430 735 2479 Anu.
749 2444 791 2479 ιιι.
803 2435 845 2479 tt.
883 2435 1026 2482 domamur.
1043 2433 1187 2481 Barclaiua.
1220 2433 1363 2494 Corruptae
1379 2431 1416 2480 lo·

314 2516 342 2557 et
352 2508 419 2557 Ana.
432 2520 471 2557 vt.
482 2512 522 2556 38.
536 2514 564 2555 ut
575 2515 603 2555 et
615 2507 685 2555 Hiar.
698 2520 734 2554 rv.
749 2510 787 2554 tt.
811 2506 847 2554 Et
883 2522 929 2556 cna
948 2513 975 2555 et
994 2521 1050 2555 meo
1064 2506 1164 2569 judicio
1187 2508 1300 2556 mutilae.
1334 2507 1416 2556 Forte

314 2584 369 2633 lraec
382 2584 574 2631 vertebrarum
585 2596 691 2630 acuureu
703 2581 774 2645 styli,
784 2594 846 2630 rere
884 2582 1056 2645 supplendum
1077 2589 1105 2631 et
1131 2582 1285 2645 legendum:
1312 2582 1416 2631 maria

315 2672 348 2709 ex
361 2665 487 2721 tempore,
509 2657 634 2705 Gmtema.
885 2659 984 2707 ttinere
997 2658 1084 2720 potiora
1095 2674 1165 2719 quum
1182 2658 1349 2719 temporalitate
1364 2660 1415 2707 lau·

349 2732 436 2781 Omnia
445 2732 498 2780 aine
512 2732 591 2791 dubio,
607 2730 693 2793 optime
708 2730 846 2793 pareutron]
883 2732 968 2791 didam
984 2739 1007 2782 rt
1017 2734 1038 2779 ri
1050 2737 1136 2781 autrrra
1147 2732 1289 2795 sappeditat,
1299 2732 1415 2781 imitando

314 2807 356 2856 Ita
376 2822 409 2855 ex
428 2808 494 2855 Veu.
517 2806 627 2855 restitui.
669 2806 741 2855 Male
761 2807 846 2869 vrtlgo,
883 2811 993 2858 amatur.
1017 2810 1139 2861 Piclreua.
1183 2808 1250 2857 trec
1271 2809 1357 2862 omnia
1374 2826 1415 2867 pe·

314 2884 402 2945 optimu
412 2888 553 2946 pareutum,¹
571 2882 643 2945 quasi
655 2880 784 2944 Agricolae
800 2897 846 2930 ux·
883 2882 1013 2948 ταξυλσγίᾳ
1033 2886 1108 2933 nimia
1126 2886 1288 2934 clarescunt:
1311 2886 1414 2935 admira·

315 2972 385 3007 orem
398 2959 439 3007 laic
451 2966 572 3021 tanquam
590 2962 697 3006 inatrem
710 2957 829 3007 laudaret
838 2975 844 3008 ι
883 2961 946 3008 tione
956 2965 980 3008 te
989 2961 1068 3023 potiar
1078 2961 1245 3023 temporalitate
1255 2961 1363 3011 meditata
1373 2962 1415 3022 (et

314 3035 383 3099 qnod
396 3034 469 3083 valde
480 3034 617 3083 absurdum
628 3040 705 3093 esset,
717 3049 774 3082 cum
786 3048 845 3083 mox
882 3034 998 3083 ainotura
1006 3035 1417 3097 militumauppeditet)decorarmra.·

315 3124 371 3160 eam
390 3119 511 3175 tanquam
523 3124 629 3159 rrxorem
647 3110 845 3159 amantissimam
883 3111 910 3159 id
922 3118 972 3170 eat,
983 3112 1038 3160 Noa
1051 3118 1077 3159 te
1086 3110 1208 3173 Agricola
1215 3126 1264 3159 non
1273 3112 1414 3174 imaginum

314 3188 410 3235 laudet.
428 3187 633 3235 Ateaverlraad
644 3186 724 3248 iprum
737 3186 845 3249 Agrico·
882 3187 978 3236 honore
995 3187 1196 3247 lroneatabimua,
1211 3200 1275 3251 quaa
1291 3187 1339 3235 tibi
1351 3186 1415 3235 mili·

314 3262 365 3311 lam
382 3259 539 3321 referantur,
557 3275 632 3322 quem
652 3262 776 3321 optimum
799 3278 845 3324 pn·
882 3264 933 3311 tari
942 3263 1079 3325 disciplina
1089 3263 1225 3324 peperisti:
1243 3262 1265 3311 ia
1285 3264 1352 3310 enim
1371 3262 1415 3310 ho·

314 3344 413 3387 rentem
437 3344 521 3385 vocat.
562 3336 605 3383 Sic
627 3336 726 3383 Plinius
745 3336 845 3399 Paneg.
882 3344 1192 3386 uosmomentaueusest:
1210 3338 1416 3387 aedarlmirando

313 3415 411 3475 ‘quum
430 3417 458 3460 tn
478 3410 562 3471 nobis,
575 3410 672 3471 optimc
690 3410 844 3474 principum,
883 3418 912 3462 et
931 3413 1056 3462 imitando
1079 3420 1136 3461 tuae
1157 3414 1280 3477 virtuter:
1298 3430 1355 3477 quta
1373 3427 1415 3463 rea

313 3472 452 3537 sortiasi'me
470 3486 667 3549 Imperatorum,
682 3488 844 3537 consulatum
883 3488 968 3550 potior
989 3496 1040 3547 eat,
1061 3492 1089 3537 et
1111 3495 1217 3551 eruperat
1244 3489 1416 3551 temporariae

314 3563 448 3614 obtulisti!
475 3563 584 3611 Piclrmo.
882 3564 939 3612 illae
951 3564 1142 3613 simulacrorum
1153 3565 1252 3613 laudes.
1284 3565 1328 3613 ‘la
1340 3580 1416 3615 verna

346 3638 501 3687 Praetoribus
512 3643 589 3686 tamea
608 3636 717 3701 ldoryoua
734 3639 845 3700 campori-
881 3638 998 3687 lionoret
1010 3639 1211 3702 conjunctissimi
1223 3640 1349 3705 cujusque
1362 3640 1415 3701 pia·

314 3720 353 3763 tue
364 3714 399 3776 ea]
413 3714 457 3763 Dc
468 3714 520 3763 ritu
533 3716 581 3761 isto
593 3714 763 3775 componendi
780 3728 846 3762 mor·
884 3720 938 3761 tas:
955 3712 982 3761 id
999 3712 1059 3762 filice
1080 3728 1182 3777 quoque
1202 3714 1327 3777 uxorique
1349 3730 1416 3777 prae·

314 3800 371 3840 tuoe
391 3790 433 3840 adi
456 3789 491 3839 la.
515 3792 693 3841 Casaubonum
722 3790 753 3837 ad
781 3788 846 3837 illud
883 3790 1010 3852 ceperim:
1030 3791 1067 3837 sic
1081 3791 1161 3852 patria
1173 3790 1210 3838 alc
1221 3791 1306 3838 mariti
1320 3803 1415 3839 memo-

313 3866 396 3915 Pereii
412 3866 468 3915 Sat.
480 3880 516 3915 rr.
533 3866 708 3930 ‘tandemque
728 3866 845 3915 beatulus
883 3866 944 3913 riam
957 3866 1085 3926 venerari,
1102 3872 1130 3915 ut
1141 3866 1226 3915 omnia
1248 3866 1319 3914 tacta
1331 3866 1414 3915 dicta-

314 3930 367 3991 t'tlto
379 3942 540 4005 Cunrpaaitru
552 3942 635 3991 lecto!
659 3942 804 4003 Virduugua.
882 3956 932 4004 que
943 3942 998 4003 ejus
1009 3955 1094 3989 aecum
1107 3942 1251 4001 revolvant,
1268 3939 1414 4005 farinamque

348 4016 414 4065 Car.
424 4021 463 4066 tu.
482 4018 577 4079 Narque
588 4019 679 4065 domum
689 4016 765 4079 tuam]
795 4018 844 4065 Re·
882 4026 910 4066 et
921 4016 1029 4080 liguram
1049 4018 1126 4066 animi
1138 4018 1221 4082 magia
1232 4033 1309 4081 quant
1324 4032 1414 4081 corpo·

313 4082 385 4141 rtluu
405 4092 532 4156 copulatu,
552 4107 605 4155 que,
620 4106 653 4153 ex
664 4092 774 4142 Veneto.
803 4094 845 4142 Pi·
883 4094 917 4140 ria
927 4094 1150 4156 complectantur:
1170 4108 1219 4142 uon
1231 4095 1290 4158 quia
1302 4095 1415 4145 interce·

314 4168 394 4217 rimu.
884 4168 995 4218 dcudum
1007 4177 1095 4232 putem
1107 4169 1269 4233 imaginibua,
1280 4184 1337 4232 quae
1349 4182 1415 4217 mar-

346 4244 545 4296 Admirationem
558 4245 648 4311 potira
657 4244 710 4309 tra]
736 4244 845 4310 Legitur
882 4258 954 4293 marc
964 4250 1009 4295 aut
1018 4257 1069 4293 aare
1078 4242 1221 4309 linguntur,
1230 4243 1276 4293 aed
1286 4250 1317 4293 ut
1329 4242 1415 4294 rultua
