3200 4917
574 468 701 518 sunto.
725 470 808 518 oss.
829 454 885 519 46.
1198 446 1284 521 iiii

185 605 326 665 homiuum,
337 605 372 656 ite
388 606 524 657 simulacre
542 608 626 659 vuitus
638 610 717 659 imbc·
754 611 822 675 qsrod
835 611 935 661 sisteret
946 610 1024 662 etium
1040 612 1142 677 pride·
1158 614 1287 667 Moretsu.

186 682 248 729 cille
258 695 288 729 oc
300 683 418 731 mortalis
434 690 493 731 snut
506 699 511 731 :
530 683 612 733 sonus
624 687 716 735 montis
752 687 886 735 Acidoliso.

186 763 293 817 aeterua,
315 770 391 819 quern
409 764 499 805 tcuere
521 765 549 806 et
571 761 715 821 exprimere
749 768 752 773 '
785 761 982 811 lesnaedenan·
1001 762 1095 827 putens]
1122 764 1234 814 Videtur
1251 767 1288 815 ie·

183 844 236 884 uon
255 845 302 893 per
320 830 429 881 alienum
441 834 575 883 materiam
587 844 613 883 et
625 843 717 897 ortem,
753 836 875 899 gendum,
895 838 1090 903 interdicendum,
1108 854 1168 904 uon,
1186 841 1286 891 Muce-

185 906 231 956 sed
245 908 295 955 tuis
306 909 361 970 ipse
370 907 485 955 moribus
497 908 596 969 possis!
614 908 716 957 Solinus.
753 913 863 974 dendnss,
874 915 915 973 irc.
941 912 1059 963 Ursinus.

186 981 293 1029 Caenum
309 989 337 1029 et
352 982 435 1029 lutum
452 981 500 1028 hoc
512 995 620 1043 purgare
633 982 720 1045 ulique
788 985 1287 1054 Quoemerruoreoutoerefisgustur10ere

185 1071 218 1105 es
233 1063 308 1119 perte
326 1057 362 1105 sic
377 1056 481 1119 Lipsius
498 1063 598 1107 tentet:
616 1060 719 1107 ‹edmun-
754 1072 817 1121 ergo
837 1064 1022 1123 propemodum
1041 1064 1214 1126 obsoleverat,
1234 1080 1287 1131 qus

184 1130 717 1195 iiouetepotlus,teimnnrtulidusluudr'luo:
754 1134 815 1182 olim
835 1134 1032 1197 inimaginibus
1049 1138 1096 1199 usi,
1113 1145 1142 1187 et
1161 1141 1286 1191 atrienses

183 1224 233 1258 nec
244 1210 408 1273 progreditur
420 1212 498 1260 rtitru.
532 1212 650 1261 illuretus
661 1217 716 1261 lens·
754 1210 841 1272 clypei
852 1211 1100 1273 eoepereutformurl
1117 1228 1231 1265 norm
1240 1223 1287 1267 eut

180 1286 300 1349 porulidus
308 1286 369 1335 iilud
380 1293 463 1336 tutum
473 1286 619 1335 deleverat:
638 1288 716 1337 credo
753 1298 809 1335 oere.
843 1286 912 1334 Nem
930 1287 1001 1350 ioqui
1020 1288 1169 1339 Cornelium
1183 1292 1215 1339 de
1226 1291 1288 1341 isne.

182 1364 243 1427 quie
266 1363 397 1425 censebat,
416 1364 514 1426 priores
536 1363 580 1412 lios
602 1364 716 1428 syllabus
753 1359 856 1423 ginlbns
866 1363 996 1411 convincit
1010 1364 1078 1427 qnod
1090 1365 1236 1429 seqnitrrr‚‘
1250 1367 1288 1417 tn

182 1443 283 1503 tempor,
296 1445 368 1487 uatus
379 1454 412 1487 ex
424 1438 632 1502 praecedentibus
649 1440 717 1489 voci.
754 1436 839 1486 stritus
849 1436 980 1486 homiuum
998 1438 1036 1486 itu
1053 1438 1190 1489 simulacre
1201 1442 1287 1491 voltus

182 1512 231 1563 bns
250 1520 274 1563 te
288 1515 381 1577 potius:
409 1515 564 1579 posteriores
580 1516 663 1579 ulidus,
683 1530 716 1565 ex
752 1510 883 1561 imbecille
906 1526 937 1560 sc
964 1512 1082 1562 mostello
1107 1524 1176 1575 erint,
1203 1514 1287 1566 somus

182 1598 311 1657 sequente
329 1590 444 1639 laudibus.
479 1590 519 1639 Ac
542 1591 598 1640 fret-i
620 1599 717 1655 potest,
752 1587 975 1635 menlitaeiet'tlss
1007 1586 1235 1641 Confessumeulm
1244 1600 1287 1641 est

181 1666 280 1715 uthaec
297 1666 339 1715 vel
356 1667 435 1729 ipsius
454 1667 494 1715 uel
513 1669 716 1729 nostrgcpnjec.
753 1660 878 1723 imagines
894 1661 958 1711 tillill
975 1660 1133 1711 stindfuisre
1152 1680 1230 1729 qum
1240 1680 1287 1713 ex·

181 1747 241 1791 turn
260 1756 322 1791 vere
341 1743 383 1791 sit.
421 1743 518 1793 Tumeu
539 1742 579 1791 liis
601 1744 716 1806 vestigiis
753 1754 856 1803 pressos
875 1742 972 1791 ruitur.
1014 1743 1058 1791 De
1080 1758 1127 1792 oere
1153 1752 1289 1807 superstes

182 1816 307 1881 perduxit
317 1830 358 1865 me
368 1814 485 1866 sur-tussis
495 1816 526 1865 ud
535 1832 631 1867 vestrm.
649 1820 715 1868 Ceu·
753 1828 868 1877 praesuus
888 1823 929 1866 est
955 1816 1080 1880 Papinius
1102 1833 1133 1869 11.
1159 1818 1288 1871 rucene

180 1906 225 1944 seo
236 1906 286 1955 ego
294 1894 401 1943 verbum
409 1893 714 1959 ultimum,qnodcuuqne
751 1893 758 1919 ⁸
770 1892 919 1954 speciesest
929 1906 1037 1942 eernere
1046 1908 1151 1942 enorum
1162 1894 1287 1945 Comim

181 1976 232 2030 est,
245 1983 295 2018 nou
308 1970 458 2032 sparsionis
467 1975 564 2034 ts‚qnae
576 1985 713 2035 perperam
752 1973 780 2015 ct
790 1968 854 2015 visis
864 1968 1114 2031 certeutlsjsultibus
1123 1969 1193 2018 urs!
1207 1970 1285 2021 erod

179 2042 287 2107 inserts,
308 2046 354 2093 sed
377 2045 410 2095 eb
431 2046 488 2108 ipsu
509 2060 571 2095 voce
593 2047 715 2105 uirtutum,
752 2058 810 2091 meo
830 2044 933 2107 quidem
953 2044 1039 2093 animo
1058 2058 1110 2092 uou
1133 2046 1285 2095 mutabitur.

179 2118 240 2184 urire
267 2128 436 2183 precesserat
458 2122 545 2185 ulique
570 2122 716 2183 intervallo,
752 2116 1178 2181 SirempslchVitl·Ful.l·vn
1194 2120 1286 2170 ‘Vidi-

177 2194 306 2259 pendere.
351 2196 440 2258 Atque
461 2196 499 2243 its
522 2200 604 2244 tutum
632 2196 715 2245 locrrm
753 2208 809 2243 mus
837 2204 940 2245 ornatus
961 2203 1043 2244 ursis
1063 2210 1110 2259 per
1127 2196 1194 2244 stris
1214 2198 1286 2259 priuis

180 2268 345 2333 scripserim:
364 2269 612 2333 odmirntiosepolius,
621 2278 648 2320 et
659 2271 715 2335 [ἰηι-
752 2268 833 2319 Veste
851 2272 1018 2334 triumphules
1029 2271 1180 2321 occubuisse
1192 2272 1285 2323 senec:

179 2344 329 2407 mortulidus]
340 2346 456 2407 lundillns,
471 2348 494 2393 el
504 2344 526 2393 si
536 2350 621 2395 saturo
631 2360 714 2409 ruppe·
750 2344 777 2393 Si
789 2347 851 2395 milri
863 2348 941 2396 liceat
953 2348 978 2395 iu
989 2362 1043 2411 rep.
1052 2347 1163 2397 sciscere
1173 2348 1285 2396 Littera-

177 2421 252 2481 ditet,
275 2420 408 2469 insitulione
431 2422 539 2469 commus.
571 2421 714 2473 Acidutius.
751 2421 800 2482 riu,
826 2422 984 2471 ctsuotamn
1008 2424 1087 2470 etism
1108 2429 1160 2470 stet
1182 2422 1215 2470 eb
1236 2423 1285 2470 inc

179 2496 267 2545 Locus
286 2504 314 2545 et
334 2504 472 2559 corruptus
490 2506 519 2545 et
540 2497 652 2561 mutilus,
671 2498 714 2547 cui
751 2498 897 2547 sententio:
914 2499 1135 2562 ‘Necqnisqusm
1148 2512 1284 2561 procerum

178 2570 284 2633 Lipsius
306 2572 458 2621 medicinam
486 2572 550 2622 fecit
571 2574 712 2625 hacteuus:
751 2579 845 2637 tentet,
865 2575 930 2641 licet
951 2589 1003 2623 ure
1029 2580 1146 2622 vetusto·
1162 2572 1284 2624 notent!

178 2648 337 2698 admiratione
354 2655 379 2698 te
397 2650 476 2711 polius
496 2655 521 2698 ts
542 2650 713 2701 immortulilus
751 2650 911 2699 Prudentius
932 2650 995 2697 item
1014 2650 1057 2698 lib.
1071 2663 1089 2696 r.
1105 2656 1195 2698 coutrs
1211 2650 1284 2711 Syru-

177 2723 298 2772 leudibus.
323 2724 435 2773 Videtur
446 2739 535 2773 seusus
547 2740 617 2774 esse:
636 2726 712 2789 Agri·
750 2726 834 2773 mach.
845 2724 924 2773 ‘cers
935 2731 1103 2773 numerentur
1114 2730 1142 2771 et
1153 2724 1223 2773 rere!
1241 2726 1284 2773 De

177 2800 243 2847 coles
263 2798 334 2849 fucta
353 2806 432 2864 etque
447 2799 539 2849 isinum
559 2816 617 2850 cnm
634 2803 711 2851 lerrde
750 2814 877 2849 murmure
905 2800 1009 2849 ridetur
1043 2798 1143 2847 Plinius
1167 2798 1284 2849 iudicare

176 2875 711 2941 eiburrisrecordationibuspotius,qnum
750 2890 840 2926 xxxv·
860 2882 885 2927 ².
910 2877 1005 2926 ‘eliter
1024 2875 1094 2939 apud
1121 2878 1231 2940 majores
1257 2878 1284 2925 in

175 2949 252 2999 luctu
264 2958 342 3013 etque
354 2950 471 3017 lumentis
484 2966 540 3000 esse
557 2966 712 3017 prosequcu·
750 2953 824 3001 striis
833 2955 889 3002 haec
899 2952 1035 3016 (imagines
1044 2952 1194 3015 corporum)
1208 2960 1286 3003 ersus

176 3024 249 3073 dum.
277 3025 419 3086 Virdsugrn.
457 3026 530 3075 Beue
553 3028 665 3090 Lipsius,
687 3034 711 3079 ts
750 3028 1285 3093 quespectsreutrrr,uonsiguuexterno·

174 3100 476 3149 immortatttnnudites:
492 3102 537 3150 sed
546 3110 572 3149 et
580 3104 713 3167 sequentis
749 3114 806 3149 rum
817 3100 946 3150 ortilicum
957 3115 1006 3147 uec
1019 3114 1072 3150 seru
1092 3108 1138 3147 eut
1150 3115 1285 3150 urururors.

177 3173 344 3223 'emendando
363 3175 389 3222 iu
408 3176 476 3223 bunc
493 3176 611 3225 mudum:
628 3179 712 3226 simiti-
752 3177 949 3240 Expressicers
966 3174 1053 3221 vultus
1072 3174 1179 3236 singuiis
1197 3174 1285 3238 dispo·

175 3250 263 3299 tudine
275 3250 415 3309 decoremus,
426 3256 470 3297 unt
481 3250 612 3299 imitatione
621 3253 714 3300 decore-
751 3248 882 3297 uebautur
899 3244 1032 3296 armenis!
1063 3246 1129 3295 Huc
1145 3246 1207 3296 milri
1227 3248 1286 3298 locs

174 3340 239 3375 erus.
284 3324 379 3376 Similis
398 3338 488 3373 seusus
509 3325 577 3389 eprrd
601 3324 713 3377 Dionem
751 3325 928 3387 suppeditsult
945 3322 1057 3387 henigne
1074 3339 1119 3374 sno
1138 3338 1211 3375 more
1223 3341 1283 3389 spes

177 3400 360 3451 Prnsaeeusent
377 3402 493 3449 oratioue
504 3404 546 3449 29.
565 3409 592 3449 et
608 3401 712 3450 Plutus·
750 3402 834 3450 uiscus
853 3401 992 3464 Belgarum
1010 3400 1132 3449 Claudius
1145 3400 1283 3454 Boucenlt.

176 3476 254 3525 cunm
282 3475 457 3525 consolatione
482 3477 514 3525 ud
539 3476 711 3539 Apollonium.
751 3475 887 3525 Borcloius.

179 3551 290 3599 &nnn
332 3550 397 3600 Haee
420 3558 481 3600 snut
508 3554 711 3617 corruptissime.
783 3550 908 3613 &perones
925 3550 984 3614 uit]
1011 3550 1071 3599 Nou
1094 3564 1159 3599 sune
1178 3552 1227 3602 troc
1249 3552 1283 3603 de

177 3627 248 3679 Quid
269 3624 293 3676 sl
315 3628 408 3689 purtim
432 3642 465 3676 es
484 3628 599 3689 aliorum,
617 3631 711 3694 purtim
750 3626 1019 3688 seriprommsuosum
1035 3626 1201 3687 perennitate
1217 3643 1283 3692 pue-

176 3710 267 3753 nostra
295 3702 442 3765 conjecturs
470 3702 619 3766 legeretur?
660 3707 712 3757 Nos
749 3701 850 3751 dicenit
858 3702 973 3763 Tacitus,
984 3700 1017 3748 de
1028 3702 1121 3765 quibus
1133 3704 1212 3751 etium
1230 3702 1285 3753 Pli-

176 3781 272 3829 dormns
284 3785 358 3840 tuum,
374 3779 403 3826 ol
414 3780 433 3827 i.
445 3780 469 3827 d.
480 3784 503 3829 et
514 3796 545 3829 ns.
558 3782 573 3831 i.
584 3784 615 3830 ud
625 3798 646 3830 c.
658 3798 681 3831 e.
692 3788 712 3833 e,
749 3778 806 3826 nius
818 3789 898 3839 nepos
915 3776 998 3839 Epist
1010 3788 1069 3823 rtis.
1082 3779 1123 3823 ³⁸.
1140 3775 1149 3805 ‘
1161 3774 1283 3838 Auguror

176 3868 406 3918 uocenurqnosu.
420 3854 574 3917 l.p.susest.
602 3858 713 3907 Adonis-u·
750 3854 810 3920 (uec
836 3868 878 3903 me
899 3852 967 3902 l'sllit
995 3850 1142 3917 uogrrrium)
1163 3852 1282 3905 historias

177 3932 242 3981 tione
254 3937 278 3981 te
291 3932 373 3994 polius
382 3930 553 3981 immortalibus
563 3933 677 3997 leudibus,
689 3938 712 3983 et
751 3938 809 3980 tnss
826 3931 983 3980 immortales
1003 3926 1114 3990 ustura,
1133 3944 1183 3993 qno
1200 3932 1282 3995 magis

177 4007 306 4057 risuturu
327 4006 471 4071 suppeditet,
494 4008 627 4060 inritatione
649 4010 713 4077 (rel,
729 4044 731 4049 s
749 4006 800 4055 illis
820 4007 943 4072 (ingenue
954 4003 1068 4071 friebor)
1087 4006 1165 4055 inseri
1184 4007 1281 4071 cupio!

177 4082 346 4145 sinsilitudiue)
355 4084 496 4132 deomemus.
516 4084 647 4134 Boxlroru.
749 4084 808 4133 Lib.
817 4096 855 4131 vr.
867 4096 910 4145 ep.
923 4084 961 4131 ld.
980 4080 1085 4130 ‘Video
1094 4083 1172 4130 morti
1182 4082 1249 4147 ejus,
1260 4082 1283 4133 sl
1359 4136 1368 4151 ,

211 4159 355 4221 Fanumque
366 4174 394 4207 ue
402 4158 511 4224 moon
521 4160 605 4225 ouini]
633 4162 713 4214 Certo
750 4158 900 4207 celebretur
910 4172 926 4206 s
936 4164 974 4220 te,
986 4156 1157 4207 immortalem
1173 4160 1281 4224 glorium

174 4230 505 4302 snnmoqmmibendum,
513 4236 715 4303 consumensque,
751 4248 808 4287 esse
817 4234 996 4307 propositum!
1022 4234 1168 4298 Virdssguo.
